@inproceedings{margatina2021active,
  title={Active Learning by Acquiring Contrastive Examples},
  author={Margatina, Katerina and Vernikos, Giorgos and Barrault, Lo{\"\i}c and Aletras, Nikolaos},
  booktitle={Proceedings of the 2021 Conference on Empirical Methods in Natural Language Processing},
  pages={650--663},
  year={2021}
}

@inproceedings{devlin2019bert,
  title={BERT: Pre-training of Deep Bidirectional Transformers for Language Understanding},
  author={Devlin, Jacob and Chang, Ming-Wei and Lee, Kenton and Toutanova, Kristina},
  booktitle={Proceedings of the 2019 Conference of the North American Chapter of the Association for Computational Linguistics: Human Language Technologies, Volume 1 (Long and Short Papers)},
  pages={4171--4186},
  year={2019}
}

@article{ren2021survey,
  title={A survey of deep active learning},
  author={Ren, Pengzhen and Xiao, Yun and Chang, Xiaojun and Huang, Po-Yao and Li, Zhihui and Gupta, Brij B and Chen, Xiaojiang and Wang, Xin},
  journal={ACM Computing Surveys (CSUR)},
  volume={54},
  number={9},
  pages={1--40},
  year={2021},
  publisher={ACM New York, NY}
}

@inproceedings{chen2020simple,
  title={A simple framework for contrastive learning of visual representations},
  author={Chen, Ting and Kornblith, Simon and Norouzi, Mohammad and Hinton, Geoffrey},
  booktitle={International conference on machine learning},
  pages={1597--1607},
  year={2020},
  organization={PMLR}
}

@article{ucar2021subtab,
  title={SubTab: Subsetting Features of Tabular Data for Self-Supervised Representation Learning},
  author={Ucar, Talip and Hajiramezanali, Ehsan and Edwards, Lindsay},
  journal={Advances in Neural Information Processing Systems},
  volume={34},
  year={2021}
}

@inproceedings{yoo2019learning,
  title={Learning loss for active learning},
  author={Yoo, Donggeun and Kweon, In So},
  booktitle={Proceedings of the IEEE/CVF Conference on Computer Vision and Pattern Recognition},
  pages={93--102},
  year={2019}
}

@inproceedings{shukla2021mathematical,
  title={A Mathematical Analysis of Learning Loss for Active Learning in Regression},
  author={Shukla, Megh and Ahmed, Shuaib},
  booktitle={Proceedings of the IEEE/CVF Conference on Computer Vision and Pattern Recognition},
  pages={3320--3328},
  year={2021}
}

@article{kim2021lada,
  title={LADA: Look-Ahead Data Acquisition via Augmentation for Deep Active Learning},
  author={Kim, Yoon-Yeong and Song, Kyungwoo and Jang, JoonHo and Moon, Il-chul},
  journal={Advances in Neural Information Processing Systems},
  volume={34},
  year={2021}
}

@inproceedings{quteineh2020textual,
  title={Textual Data Augmentation for Efficient Active Learning on Tiny Datasets},
  author={Quteineh, Husam and Samothrakis, Spyridon and Sutcliffe, Richard},
  booktitle={Proceedings of the 2020 Conference on Empirical Methods in Natural Language Processing (EMNLP)},
  pages={7400--7410},
  year={2020}
}

@inproceedings{li2021framework,
  title={A Framework of Data Augmentation While Active Learning for Chinese Named Entity Recognition},
  author={Li, Qingqing and Huang, Zhen and Dou, Yong and Zhang, Ziwen},
  booktitle={International Conference on Knowledge Science, Engineering and Management},
  pages={88--100},
  year={2021},
  organization={Springer}
}

@inproceedings{zhai2019s4l,
  title={S4l: Self-supervised semi-supervised learning},
  author={Zhai, Xiaohua and Oliver, Avital and Kolesnikov, Alexander and Beyer, Lucas},
  booktitle={Proceedings of the IEEE/CVF International Conference on Computer Vision},
  pages={1476--1485},
  year={2019}
}

@inproceedings{kim2021task,
  title={Task-aware variational adversarial active learning},
  author={Kim, Kwanyoung and Park, Dongwon and Kim, Kwang In and Chun, Se Young},
  booktitle={Proceedings of the IEEE/CVF Conference on Computer Vision and Pattern Recognition},
  pages={8166--8175},
  year={2021}
}

@inproceedings{sinha2019variational,
  title={Variational adversarial active learning},
  author={Sinha, Samarth and Ebrahimi, Sayna and Darrell, Trevor},
  booktitle={Proceedings of the IEEE/CVF International Conference on Computer Vision},
  pages={5972--5981},
  year={2019}
}

@article{sener2017active,
  title={Active learning for convolutional neural networks: A core-set approach},
  author={Sener, Ozan and Savarese, Silvio},
  journal={arXiv preprint arXiv:1708.00489},
  year={2017}
}

@article{grill2020bootstrap,
  title={Bootstrap your own latent: A new approach to self-supervised learning},
  author={Grill, Jean-Bastien and Strub, Florian and Altch{\'e}, Florent and Tallec, Corentin and Richemond, Pierre H and Buchatskaya, Elena and Doersch, Carl and Pires, Bernardo Avila and Guo, Zhaohan Daniel and Azar, Mohammad Gheshlaghi and others},
  journal={arXiv preprint arXiv:2006.07733},
  year={2020}
}

@article{yuan2020cold,
  title={Cold-start active learning through self-supervised language modeling},
  author={Yuan, Michelle and Lin, Hsuan-Tien and Boyd-Graber, Jordan},
  journal={arXiv preprint arXiv:2010.09535},
  year={2020}
}

@inproceedings{bengar2021reducing,
  title={Reducing label effort: Self-supervised meets active learning},
  author={Bengar, Javad Zolfaghari and van de Weijer, Joost and Twardowski, Bartlomiej and Raducanu, Bogdan},
  booktitle={Proceedings of the IEEE/CVF International Conference on Computer Vision},
  pages={1631--1639},
  year={2021}
}

@inproceedings{gao2020consistency,
  title={Consistency-based semi-supervised active learning: Towards minimizing labeling cost},
  author={Gao, Mingfei and Zhang, Zizhao and Yu, Guo and Ar{\i}k, Sercan {\"O} and Davis, Larry S and Pfister, Tomas},
  booktitle={European Conference on Computer Vision},
  pages={510--526},
  year={2020},
  organization={Springer}
}

@article{song2019combining,
  title={Combining mixmatch and active learning for better accuracy with fewer labels},
  author={Song, Shuang and Berthelot, David and Rostamizadeh, Afshin},
  journal={arXiv preprint arXiv:1912.00594},
  year={2019}
}

