@article{Khatami2016,
    author = {Khatami, Reza and Mountrakis, Giorgos and Stehman, Stephen V.},
    doi = {10.1016/J.RSE.2016.02.028},
    issn = {0034-4257},
    journal = {Remote Sensing of Environment},
    month = {may},
    pages = {89--100},
    publisher = {Elsevier},
    title = {{A meta-analysis of remote sensing research on supervised pixel-based land-cover image classification processes: General guidelines for practitioners and future research}},
    url = {https://www.sciencedirect.com/science/article/pii/S0034425716300578},
    volume = {177},
    year = {2016}
}

@article{Gavade2019,
    author = {Gavade, Anil B. and Rajpurohit, Vijay S.},
    doi = {10.1080/1206212x.2019.1573946},
    issn = {1206-212X},
    journal = {International Journal of Computers and Applications},
    keywords = {Remote sensing,clustering,land use classification,learning based approaches,satellite images},
    month = {feb},
    pages = {1--10},
    publisher = {Informa UK Limited},
    title = {{Systematic analysis of satellite image-based land cover classification techniques: literature review and challenges}},
    year = {2019}
}

@article{Wulder2018,
    author = {Wulder, Michael A. and Coops, Nicholas C. and Roy, David P. and White, Joanne C. and Hermosilla, Txomin},
    doi = {10.1080/01431161.2018.1452075},
    issn = {13665901},
    journal = {International Journal of Remote Sensing},
    month = {jun},
    number = {12},
    pages = {4254--4284},
    publisher = {Taylor and Francis Ltd.},
    title = {{Land cover 2.0}},
    volume = {39},
    year = {2018}
}

@article{costa2020introducing,
  title={Introducing automatic satellite image processing into land cover mapping by photo-interpretation of airborne data},
  author={Costa, H and Benevides, P and Marcelino, F and Caetano, M},
  journal={The International Archives of Photogrammetry, Remote Sensing and Spatial Information Sciences},
  volume={42},
  pages={29--34},
  year={2020},
  publisher={Copernicus GmbH}
}

@article{vermote2020remote,
  title={Remote Sensing of Coconut Trees in Tonga Using Very High Spatial Resolution WorldView-3 Data},
  author={Vermote, Eric F and Skakun, Sergii and Becker-Reshef, Inbal and Saito, Keiko},
  journal={Remote Sensing},
  volume={12},
  number={19},
  pages={3113},
  year={2020},
  publisher={Multidisciplinary Digital Publishing Institute}
}

@article{COSTANTINO2020,
    author = {Costantino, Domenica and Pepe, Massimiliano and Dardanelli, Gino and Baiocchi, Valerio},
    doi = {10.21163/gt_2020.152.17},
    issn = {18425135},
    journal = {Geographia Technica},
    month = {sep},
    pages = {171--190},
    publisher = {Asociatia Geograhia Technica},
    title = {{USING OPTICAL SATELLITE AND AERIAL IMAGERY FOR AUTOMATIC COASTLINE MAPPING}},
    year = {2020}
}

@incollection{Nagai2020,
    author = {Nagai, Shin and Nasahara, Kenlo Nishida and Akitsu, Tomoko Kawaguchi and Saitoh, Taku M. and Muraoka, Hiroyuki},
    doi = {10.1002/9781119413332.ch11},
    keywords = {Ground truth,In situ observation,Land cover change,Land use,Phenology,Satellite},
    month = {feb},
    pages = {223--244},
    publisher = {American Geophysical Union (AGU)},
    title = {{Importance of the Collection of Abundant Ground‐Truth Data for Accurate Detection of Spatial and Temporal Variability of Vegetation by Satellite Remote Sensing}},
    booktitle = {Biogeochemical Cycles: Ecological Drivers and Environmental Impact},
    url = {https://onlinelibrary.wiley.com/doi/abs/10.1002/9781119413332.ch11},
    year = {2020}
}

@article{Maxwell2018,
    author = {Maxwell, Aaron E. and Warner, Timothy A. and Fang, Fang},
    doi = {10.1080/01431161.2018.1433343},
    issn = {13665901},
    journal = {International Journal of Remote Sensing},
    keywords = {Image classification,Land-cover classification,Landcover mapping,Machine learning},
    number = {9},
    pages = {2784--2817},
    publisher = {Taylor {\&} Francis},
    title = {{Implementation of machine-learning classification in remote sensing: An applied review}},
    url = {https://doi.org/10.1080/01431161.2018.1433343},
    volume = {39},
    year = {2018}
}

@article{Pasolli2016,
    author = {Pasolli, Edoardo and Yang, Hsiuhan Lexie and Crawford, Melba M.},
    doi = {10.1109/TGRS.2015.2490482},
    issn = {01962892},
    journal = {IEEE Transactions on Geoscience and Remote Sensing},
    keywords = {Active learning (AL),Classification,Dimensionality reduction,Hyperspectral images,Large-margin nearest neighbor (LMNN),Metric learning},
    month = {apr},
    number = {4},
    pages = {1925--1939},
    publisher = {Institute of Electrical and Electronics Engineers Inc.},
    title = {{Active-metric learning for classification of remotely sensed hyperspectral images}},
    volume = {54},
    year = {2016}
}

@article{Sverchkov2017,
    author = {Sverchkov, Yuriy and Craven, Mark},
    doi = {10.1371/journal.pcbi.1005466},
    editor = {Huang, Haiyan},
    issn = {1553-7358},
    journal = {PLOS Computational Biology},
    keywords = {Entropy,Experimental design,Gene expression,Gene regulation,Genetic networks,Machine learning,Protein interaction networks,Transcription factors},
    month = {jun},
    number = {6},
    pages = {e1005466},
    publisher = {Public Library of Science},
    title = {{A review of active learning approaches to experimental design for uncovering biological networks}},
    url = {https://dx.plos.org/10.1371/journal.pcbi.1005466},
    volume = {13},
    year = {2017}
}

@article{Huang2018,
    author = {Huang, Yanbo and xin CHEN, Zhong and YU, Tao and zhi HUANG, Xiang and fa GU, Xing},
    doi = {10.1016/S2095-3119(17)61859-8},
    issn = {20953119},
    journal = {Journal of Integrative Agriculture},
    keywords = {agricultural information,big data,precision agriculture,remote sensing},
    month = {sep},
    number = {9},
    pages = {1915--1931},
    publisher = {Chinese Academy of Agricultural Sciences},
    title = {{Agricultural remote sensing big data: Management and applications}},
    volume = {17},
    year = {2018}
}

@article{Wang2018,
    author = {Wang, Xianwei and Xie, Hongjie},
    doi = {10.3390/w10050608},
    issn = {20734441},
    journal = {Water (Switzerland)},
    keywords = {Design storm,Flooding,Geographic information systems (GIS),Glaciers,Groundwater,Rainfall measurements,Remote sensing,Runoff simulation,Soil moisture,Water body},
    month = {may},
    number = {5},
    pages = {608},
    publisher = {MDPI AG},
    title = {{A review on applications of remote sensing and geographic information systems (GIS) in water resources and flood risk management}},
    url = {http://www.mdpi.com/2073-4441/10/5/608},
    volume = {10},
    year = {2018}
}

@article{Ruzicka2020,
    title={Deep Active Learning in Remote Sensing for data efficient Change Detection}, 
    author = {Rů{\v{z}}i{\v{c}}ka, V{\'{i}}t and D'Aronco, Stefano and Wegner, Jan Dirk and Schindler, Konrad},
    journal={arXiv preprint arXiv:2008.11201},
    year={2020}
}

@article{Liu2020,
    archivePrefix = {arXiv},
    arxivId = {2006.15771},
    author = {Liu, Sheng-Jie and Luo, Haowen and Shi, Qian},
    doi = {10.1109/lgrs.2020.3005076},
    eprint = {2006.15771},
    issn = {1545-598X},
    journal = {IEEE Geoscience and Remote Sensing Letters},
    pages = {1--5},
    title = {{Active Ensemble Deep Learning for Polarimetric Synthetic Aperture Radar Image Classification}},
    year = {2020}
}

@article{Su2020,
    author = {Su, Tengfei and Zhang, Shengwei and Liu, Tingxi},
    doi = {10.3390/rs12030504},
    issn = {20724292},
    journal = {Remote Sensing},
    keywords = {Active learning,Feature category,Object-based image analysis,Random forest},
    month = {feb},
    number = {3},
    pages = {504},
    publisher = {MDPI AG},
    title = {{Multi-spectral image classification based on an object-based active learning approach}},
    url = {https://www.mdpi.com/2072-4292/12/3/504},
    volume = {12},
    year = {2020}
}

@article{Pelletier2017,
    author = {Pelletier, Charlotte and Valero, Silvia and Inglada, Jordi and Champion, Nicolas and Sicre, Claire Marais and Dedieu, G{\'{e}}rard},
    doi = {10.3390/rs9020173},
    issn = {20724292},
    journal = {Remote Sensing},
    keywords = {Class label noise,Classification,Land cover mapping,Mislabeled training data,Random Forests,Satellite image time series,Support Vector Machines},
    month = {feb},
    number = {2},
    pages = {173},
    title = {{Effect of training class label noise on classification performances for land cover mapping with satellite image time series}},
    url = {http://www.mdpi.com/2072-4292/9/2/173},
    volume = {9},
    year = {2017}
}

@article{Stromann2020,
    author = {Stromann, Oliver and Nascetti, Andrea and Yousif, Osama and Ban, Yifang},
    doi = {10.3390/RS12010076},
    issn = {20724292},
    journal = {Remote Sensing},
    keywords = {EO big data,Google Earth Engine,MSI,Object-based classification,SAR},
    month = {jan},
    number = {1},
    pages = {76},
    publisher = {MDPI AG},
    title = {{Dimensionality Reduction and Feature Selection for Object-Based Land Cover Classification based on Sentinel-1 and Sentinel-2 Time Series Using Google Earth Engine}},
    volume = {12},
    year = {2020}
}

@article{Alonso-Sarria2019,
    author = {Alonso-Sarria, Francisco and Valdivieso-Ros, Carmen and Gomariz-Castillo, Francisco},
    doi = {10.3390/rs11243000},
    issn = {20724292},
    journal = {Remote Sensing},
    keywords = {Class separability,Landsat-8,Random forest,Random tree ensembles,Training area representativeness},
    month = {dec},
    number = {24},
    pages = {3000},
    publisher = {MDPI AG},
    title = {{Isolation forests to evaluate class separability and the representativeness of training and validation areas in land cover classification}},
    url = {https://www.mdpi.com/2072-4292/11/24/3000},
    volume = {11},
    year = {2019}
}

@inproceedings{Feng2018,
    author = {Feng, Wei and Huang, Wenjiang and Ye, Huichun and Zhao, Longlong},
    booktitle = {International Geoscience and Remote Sensing Symposium (IGARSS)},
    doi = {10.1109/IGARSS.2018.8518242},
    isbn = {9781538671504},
    keywords = {Classification,Ensemble learning,Hyperspectral image,Imbalance learning,Rotation forest},
    month = {oct},
    pages = {2651--2654},
    publisher = {Institute of Electrical and Electronics Engineers Inc.},
    title = {{Synthetic minority over-sampling technique based rotation forest for the classification of unbalanced hyperspectral data}},
    volume = {2018-July},
    year = {2018}
}

@article{Chawla2004,
    author = {Chawla, Nitesh V. and Japkowicz, Nathalie and Kotcz, Aleksander},
    doi = {10.1145/1007730.1007733},
    issn = {1931-0145},
    journal = {ACM SIGKDD Explorations Newsletter},
    month = {jun},
    number = {1},
    pages = {1--6},
    publisher = {ACM},
    title = {{Editorial: Special Issue on Learning from Imbalanced Data Sets}},
    url = {http://portal.acm.org/citation.cfm?doid=1007730.1007733},
    volume = {6},
    year = {2004}
}

@article{Fernandez2013,
    author = {Fern{\'{a}}ndez, Alberto and L{\'{o}}pez, Victoria and Galar, Mikel and del Jesus, Mar{\'{i}}a Jos{\'{e}} and Herrera, Francisco},
    doi = {10.1016/J.KNOSYS.2013.01.018},
    issn = {0950-7051},
    journal = {Knowledge-Based Systems},
    month = {apr},
    pages = {97--110},
    publisher = {Elsevier},
    title = {{Analysing the classification of imbalanced data-sets with multiple classes: Binarization techniques and ad-hoc approaches}},
    url = {https://www.sciencedirect.com/science/article/abs/pii/S0950705113000300},
    volume = {42},
    year = {2013}
}


@article{Kaur2019,
    author = {Kaur, Harsurinder and Pannu, Husanbir Singh and Malhi, Avleen Kaur},
    doi = {10.1145/3343440},
    issn = {15577341},
    journal = {ACM Computing Surveys},
    keywords = {Data analysis,Data imbalance,Machine learning,Sampling},
    month = {aug},
    number = {4},
    pages = {1--36},
    publisher = {Association for Computing Machinery},
    title = {{A systematic review on imbalanced data challenges in machine learning: Applications and solutions}},
    url = {http://dl.acm.org/citation.cfm?doid=3359984.3343440},
    volume = {52},
    year = {2019}
}

@article{li2020,
    author = {Li, Jiayi and Huang, Xin and Chang, Xiaoyu},
    doi = {10.1016/j.isprsjprs.2020.02.022},
    issn = {09242716},
    journal = {ISPRS Journal of Photogrammetry and Remote Sensing},
    keywords = {Automatic sample collection,Label-noise robust active learning,Landsat satellite imagery,Machine learning,Multi-date classification,Multi-temporal change detection},
    number = {January},
    pages = {1--17},
    publisher = {Elsevier},
    title = {{A label-noise robust active learning sample collection method for multi-temporal urban land-cover classification and change analysis}},
    url = {https://doi.org/10.1016/j.isprsjprs.2020.02.022},
    volume = {163},
    year = {2020}
}
    
@inproceedings{Kottke2017,
    author = {Kottke, Daniel and Calma, Adrian and Huseljic, Denis and Krempl, Georg and Sick, Bernhard},
    booktitle = {CEUR Workshop Proceedings},
    issn = {16130073},
    keywords = {Active learning,Classification,Data mining,Evaluation,Semi-supervised learning},
    month = {sep},
    pages = {2--14},
    title = {{Challenges of reliable, realistic and comparable active learning evaluation}},
    url = {http://dspace.library.uu.nl/handle/1874/359528},
    volume = {1924},
    year = {2017}
}

@inproceedings{Ertekin2007,
    address = {New York, New York, USA},
    author = {Ertekin, Seyda and Huang, Jian and Giles, C. Lee},
    booktitle = {Proceedings of the 30th Annual International ACM SIGIR Conference on Research and Development in Information Retrieval, SIGIR'07},
    doi = {10.1145/1277741.1277927},
    isbn = {1595935975},
    keywords = {Active learning,Imbalanced data,Support vector machines},
    pages = {823--824},
    publisher = {ACM Press},
    title = {{Active learning for class imbalance problem}},
    url = {http://portal.acm.org/citation.cfm?doid=1277741.1277927},
    year = {2007}
}
@misc{kagy2019,
    title={The Practical Challenges of Active Learning: Lessons Learned from Live Experimentation}, 
    author={Jean-François Kagy and Tolga Kayadelen and Ji Ma and Afshin Rostamizadeh and Jana Strnadova},
    year={2019},
    eprint={1907.00038},
    archivePrefix={arXiv},
    primaryClass={cs.LG}
}

@article{Cawley2011,
    author = {Cawley, G.C.},
    issn = {1938-7228},
    journal = {Proceedings of Active Learning and Experimental Design workshop In conjunction with AISTATS},
    keywords = {pool based active learning,ridge regression},
    month = {apr},
    pages = {47--57},
    publisher = {JMLR Workshop and Conference Proceedings},
    title = {{Baseline Methods for Active Learning}},
    url = {http://proceedings.mlr.press/v16/cawley11a.html},
    volume = {16},
    year = {2011}
}

@inproceedings{Li2013,
    author = {Li, Xin and Guo, Yuhong},
    year = {2013},
    month = {08},
    pages = {1479-1485},
    booktitle = {In IJCAI},
    title = {Active learning with multi-label SVM classification},
    journal = {IJCAI International Joint Conference on Artificial Intelligence}
}

@incollection{Shrivastava2021,
    author = {Shrivastava, Vimal K. and Pradhan, Monoj K.},
    booktitle = {Studies in Computational Intelligence},
    doi = {10.1007/978-3-030-50641-4_8},
    issn = {18609503},
    keywords = {Active Learning,Classification,Extreme Learning Machine,Hyperspectral Remote Sensing Image,Query Strategy,Support Vector Machine},
    pages = {133--152},
    publisher = {Springer},
    title = {{Hyperspectral Remote Sensing Image Classification Using Active Learning}},
    url = {https://link.springer.com/chapter/10.1007/978-3-030-50641-4{\_}8 http://link.springer.com/10.1007/978-3-030-50641-4{\_}8},
    volume = {907},
    year = {2021}
}

@article{Muslea2006,
    archivePrefix = {arXiv},
    arxivId = {1110.1073},
    author = {Muslea, Ion and Minton, Steven and Knoblock, Craig A.},
    doi = {10.1613/jair.2005},
    eprint = {1110.1073},
    issn = {10769757},
    journal = {Journal of Artificial Intelligence Research},
    month = {oct},
    pages = {203--233},
    publisher = {AI Access Foundation},
    title = {{Active learning with multiple views}},
    url = {https://www.jair.org/index.php/jair/article/view/10470},
    volume = {27},
    year = {2006}
}

@article{Di2012,
    author = {Di, Wei and Crawford, Melba M.},
    doi = {10.1109/TGRS.2011.2168566},
    issn = {01962892},
    journal = {IEEE Transactions on Geoscience and Remote Sensing},
    keywords = {Active learning (AL),classification,feature space bagging (FSB),hyperspectral data,multiview learning (MVL),view generation (VG)},
    month = {may},
    number = {5 PART 2},
    pages = {1942--1954},
    title = {{View generation for multiview maximum disagreement based active learning for hyperspectral image classification}},
    volume = {50},
    year = {2012}
}

@inproceedings{Zhou2014,
    author = {Zhou, Xiong and Prasad, Saurabh and Crawford, Melba},
    booktitle = {Workshop on Hyperspectral Image and Signal Processing, Evolution in Remote Sensing},
    doi = {10.1109/WHISPERS.2014.8077528},
    isbn = {9781467390125},
    issn = {21586276},
    keywords = {Hyperspectral image classification,active learning,margin sampling,multi-view,random sampling,redundant wavelet transform},
    month = {jun},
    publisher = {IEEE Computer Society},
    title = {{Wavelet domain multi-view active learning for hyperspectral image analysis}},
    volume = {2014-June},
    year = {2014}
}

@inproceedings{Copa2010,
    author = {Copa, Loris and Tuia, Devis and Volpi, Michele and Kanevski, Mikhail},
    booktitle = {Image and Signal Processing for Remote Sensing XVI},
    doi = {10.1117/12.864861},
    editor = {Bruzzone, Lorenzo},
    isbn = {9780819483478},
    issn = {0277-786X},
    keywords = {Active learning,Committees of learners,Diverse sampling,Remote Sensing,Very high resolution},
    month = {oct},
    pages = {78300K},
    publisher = {SPIE},
    title = {{Unbiased query-by-bagging active learning for VHR image classification}},
    url = {http://proceedings.spiedigitallibrary.org/proceeding.aspx?doi=10.1117/12.864861},
    volume = {7830},
    year = {2010}
}

@article{Zhang2016,
    author = {Zhang, Zhou and Pasolli, Edoardo and Yang, Hsiuhan Lexie and Crawford, Melba M.},
    doi = {10.1109/LGRS.2016.2560623},
    issn = {1545598X},
    journal = {IEEE Geoscience and Remote Sensing Letters},
    keywords = {Active learning (AL),classification,feature extraction,metric learning,remote sensing data},
    month = {jul},
    number = {7},
    pages = {1007--1011},
    publisher = {Institute of Electrical and Electronics Engineers Inc.},
    title = {{Multimetric Active Learning for Classification of Remote Sensing Data}},
    volume = {13},
    year = {2016}
}

@inproceedings{Aghdam2019,
    archivePrefix = {arXiv},
    arxivId = {1911.09168},
    author = {Aghdam, Hamed H and Gonzalez-Garcia, Abel and Lopez, Antonio and Weijer, Joost},
    booktitle = {Proceedings of the IEEE International Conference on Computer Vision},
    doi = {10.1109/ICCV.2019.00377},
    eprint = {1911.09168},
    isbn = {9781728148038},
    issn = {15505499},
    pages = {3671--3679},
    title = {{Active learning for deep detection neural networks}},
    url = {www.gitlab.com/haghdam/deep{\_}active{\_}learning},
    volume = {2019-Octob},
    year = {2019}
}

@InProceedings{Yoo2019,
    author = {Yoo, Donggeun and Kweon, In So},
    title = {Learning Loss for Active Learning},
    booktitle = {Proceedings of the IEEE/CVF Conference on Computer Vision and Pattern Recognition (CVPR)},
    month = {June},
    year = {2019}
} 

@article{Tuia2009,
    author = {Tuia, Devis and Ratle, Frdric and Pacifici, Fabio and Kanevski, Mikhail F. and Emery, William J.},
    doi = {10.1109/TGRS.2008.2010404},
    issn = {01962892},
    journal = {IEEE Transactions on Geoscience and Remote Sensing},
    keywords = {Active learning,Entropy,Hyperspectral imagery,Image information mining,Margin sampling (MS),Query learning,Support vector machines (SVMs),Very high resolution (VHR) imagery},
    month = {jul},
    number = {7},
    pages = {2218--2232},
    title = {{Active learning methods for remote sensing image classification}},
    volume = {47},
    year = {2009}
}
    

@article{Demir2011,
    author = {Demir, Begm and Persello, Claudio and Bruzzone, Lorenzo},
    doi = {10.1109/TGRS.2010.2072929},
    issn = {01962892},
    journal = {IEEE Transactions on Geoscience and Remote Sensing},
    keywords = {Active learning (AL),Hyperspectral images,Image classification,Query functions,Remote sensing (RS),Support vector machines (SVMs),Very high spatial resolution images},
    month = {mar},
    number = {3},
    pages = {1014--1031},
    title = {{Batch-mode active-learning methods for the interactive classification of remote sensing images}},
    volume = {49},
    year = {2011}
}

@inproceedings{Luo2003,
    author = {Luo, Tong and Kramer, Kurt and Goldgof, Dmitry and Hall, Lawrence O. and Samson, Scott and Remsen, Andrew and Hopkins, Thomas},
    booktitle = {Proceedings of the IEEE International Conference on Systems, Man and Cybernetics},
    doi = {10.1109/icsmc.2003.1243927},
    issn = {08843627},
    keywords = {Learning,Plankton recognition,Probabilistic output,Support vector machine},
    pages = {888--893},
    title = {{Learning to recognize plankton}},
    volume = {1},
    year = {2003}
}

@article{Li2011,
    author = {Li, Jun and Bioucas-Dias, Jos{\'{e}} M. and Plaza, Antonio},
    doi = {10.1109/TGRS.2011.2128330},
    issn = {01962892},
    journal = {IEEE Transactions on Geoscience and Remote Sensing},
    keywords = {Active learning,graph cuts,hyperspectral image segmentation,ill-posed problems,integer optimization,mutual information (MI),sparse multinomial logistic regression (MLR)},
    month = {oct},
    number = {10 PART 2},
    pages = {3947--3960},
    title = {{Hyperspectral image segmentation using a new bayesian approach with active learning}},
    volume = {49},
    year = {2011}
}

@article{Liu2018,
    author = {Liu, Wensong and Yang, Jie and Li, Pingxiang and Han, Yue and Zhao, Jinqi and Shi, Hongtao},
    doi = {10.3390/rs10071092},
    issn = {20724292},
    journal = {Remote Sensing},
    keywords = {Active learning (AL),Generalized statistical region merging (GSRM),Object-based classification,PolSAR imagery,Random forest (RF)},
    number = {7},
    title = {{A novel object-based supervised classification method with active learning and random forest for PolSAR imagery}},
    volume = {10},
    year = {2018}
}

@article{Li2013a,
    author = {Li, Jun and Bioucas-Dias, Jos{\'{e}} M. and Plaza, Antonio},
    doi = {10.1109/TGRS.2012.2205263},
    issn = {01962892},
    journal = {IEEE Transactions on Geoscience and Remote Sensing},
    keywords = {Active learning (AL),Discriminative random fields (DRFs),Hyperspectral image classification,Loopy belief propagation (LBP),Markov random fields (MRFs),Spectral-spatial analysis},
    number = {2},
    pages = {844--856},
    title = {{Spectral-spatial classification of hyperspectral data using loopy belief propagation and active learning}},
    volume = {51},
    year = {2013}
}

@inproceedings{DeVries2017,
    archivePrefix = {arXiv},
    arxivId = {1702.05538},
    author = {DeVries, Terrance and Taylor, Graham W.},
    booktitle = {5th International Conference on Learning Representations, ICLR 2017 - Workshop Track Proceedings},
    eprint = {1702.05538},
    month = {feb},
    publisher = {International Conference on Learning Representations, ICLR},
    title = {{Dataset augmentation in feature space}},
    url = {https://arxiv.org/abs/1702.05538v1},
    year = {2017}
}

@article{Chawla2002,
    archivePrefix = {arXiv},
    arxivId = {1106.1813},
    author = {Chawla, Nitesh V. and Bowyer, Kevin W. and Hall, Lawrence O. and Kegelmeyer, W. Philip},
    doi = {10.1613/jair.953},
    eprint = {1106.1813},
    issn = {10769757},
    journal = {Journal of Artificial Intelligence Research},
    month = {jun},
    pages = {321--357},
    title = {{SMOTE: Synthetic minority over-sampling technique}},
    url = {https://jair.org/index.php/jair/article/view/10302},
    volume = {16},
    year = {2002}
}

@article{Douzas2019,
    author = {Douzas, Georgios and Bacao, Fernando},
    doi = {10.1016/j.ins.2019.06.007},
    issn = {00200255},
    journal = {Information Sciences},
    keywords = {Classification,Data generation,Imbalanced learning,Oversampling,SMOTE,Supervised learning},
    month = {oct},
    pages = {118--135},
    publisher = {Elsevier},
    title = {{Geometric SMOTE a geometrically enhanced drop-in replacement for SMOTE}},
    url = {https://www.sciencedirect.com/science/article/pii/S0020025519305353?via{\%}3Dihub},
    volume = {501},
    year = {2019}
}

@article{Jozdani2019,
    author = {Jozdani, Shahab Eddin and Johnson, Brian Alan and Chen, Dongmei},
    doi = {10.3390/rs11141713},
    issn = {2072-4292},
    journal = {Remote Sensing},
    keywords = {Deep learning,GEOBIA,High-spatial resolution imagery,Land use/cover classification,Remote sensing},
    month = {jul},
    number = {14},
    pages = {1713},
    publisher = {MDPI AG},
    title = {{Comparing Deep Neural Networks, Ensemble Classifiers, and Support Vector Machine Algorithms for Object-Based Urban Land Use/Land Cover Classification}},
    url = {https://www.mdpi.com/2072-4292/11/14/1713},
    volume = {11},
    year = {2019}
}

@article{Bogner2018,
    author = {Bogner, Christina and Seo, Bumsuk and Rohner, Dorian and Reineking, Bj{\"{o}}rn},
    doi = {10.1371/journal.pone.0190476},
    issn = {19326203},
    journal = {PLoS ONE},
    month = {jan},
    number = {1},
    pmid = {29370190},
    publisher = {Public Library of Science},
    title = {{Classification of rare land cover types: Distinguishing annual and perennial crops in an agricultural catchment in South Korea}},
    volume = {13},
    year = {2018}
}

@article{Han2005,
    author = {Han, Hui and Wang, Wen Yuan and Mao, Bing Huan},
    doi = {10.1007/11538059_91},
    issn = {03029743},
    journal = {Lecture Notes in Computer Science},
    number = {PART I},
    pages = {878--887},
    title = {{Borderline-SMOTE: A new over-sampling method in imbalanced data sets learning}},
    volume = {3644},
    year = {2005}
}

@inproceedings{HaiboHe2008,
    author = {He, Haibo and Bai, Yang and Garcia, Edwardo A. and Li, Shutao},
    booktitle = {Proceedings of the International Joint Conference on Neural Networks},
    doi = {10.1109/IJCNN.2008.4633969},
    isbn = {9781424418213},
    month = {jun},
    pages = {1322--1328},
    publisher = {IEEE},
    title = {{ADASYN: Adaptive synthetic sampling approach for imbalanced learning}},
    url = {http://ieeexplore.ieee.org/document/4633969/},
    year = {2008}
}

@article{Douzas2018,
    author = {Douzas, Georgios and Bacao, Fernando and Last, Felix},
    doi = {10.1016/j.ins.2018.06.056},
    issn = {00200255},
    journal = {Information Sciences},
    keywords = {Class-imbalanced learning,Classification,Clustering,Oversampling,Supervised learning,Within-class imbalance},
    month = {oct},
    pages = {1--20},
    publisher = {Elsevier Inc.},
    title = {{Improving imbalanced learning through a heuristic oversampling method based on k-means and SMOTE}},
    volume = {465},
    year = {2018}
}

@article{Douzas2017,
    author = {Douzas, Georgios and Bacao, Fernando},
    doi = {10.1016/j.eswa.2017.03.073},
    issn = {09574174},
    journal = {Expert Systems with Applications},
    month = {oct},
    pages = {40--52},
    publisher = {Elsevier Ltd},
    title = {{Self-Organizing Map Oversampling (SOMO) for imbalanced data set learning}},
    volume = {82},
    year = {2017}
}

@article{Douzas2019class,
    author = {Douzas, Georgios and Bacao, Fernando and Fonseca, Joao and Khudinyan, Manvel},
    doi = {10.3390/rs11243040},
    issn = {20724292},
    journal = {Remote Sensing},
    keywords = {Class imbalance,Geometric-SMOTE,Imbalanced learning,LULC classification,Oversampling},
    month = {dec},
    number = {24},
    pages = {3040},
    publisher = {MDPI AG},
    title = {{Imbalanced learning in land cover classification: Improving minority classes' prediction accuracy using the geometric SMOTE algorithm}},
    url = {https://www.mdpi.com/2072-4292/11/24/3040},
    volume = {11},
    year = {2019}
}

@article{tuia2011using,
    title={Using active learning to adapt remote sensing image classifiers},
    author={Tuia, Devis and Pasolli, E and Emery, William J},
    journal={Remote Sensing of Environment},
    volume={115},
    number={9},
    pages={2232--2242},
    year={2011},
    publisher={Elsevier}
}

@misc{Baumgardner2015,
	title = {220 Band AVIRIS Hyperspectral Image Data Set: June 12, 1992 Indian Pine Test Site 3},
	month = {Sep},
	url = {https://purr.purdue.edu/publications/1947/1},
	year = {2015},
	doi = {doi:/10.4231/R7RX991C},
	author = {Marion F. Baumgardner and Larry L. Biehl and David A. Landgrebe}
}
@inproceedings{Ho1995,
    author = {Ho, Tin Kam},
    title = {Random Decision Forests},
    year = {1995},
    isbn = {0818671289},
    publisher = {IEEE Computer Society},
    address = {USA},
    booktitle = {Proceedings of the Third International Conference on Document Analysis and Recognition (Volume 1) - Volume 1},
    pages = {278},
    numpages = {1},
    keywords = {suboptimal accuracy, handwritten digits, decision trees, random decision forests, generalization accuracy, complexity, decision theory, optical character recognition, tree-based classifiers, stochastic modeling, handwriting recognition},
    series = {ICDAR '95}
}
@article{Cover1967,
	author = {Cover, T and Hart, P},
	doi = {10.1109/TIT.1967.1053964},
	isbn = {0018-9448},
	issn = {0018-9448},
	journal = {IEEE Transactions on Information Theory},
	number = {1},
	pages = {21--27},
	pmid = {21919855},
	title = {{Nearest neighbor pattern classification}},
	url =
		{http://ieeexplore.ieee.org/lpdocs/epic03/wrapper.htm?arnumber=1053964},
	volume = {13},
	year = {1967},
}
@article{Nelder1972,
    title={Generalized linear models},
    author={Nelder, John Ashworth and Wedderburn, Robert WM},
    journal={Journal of the Royal Statistical Society: Series A (General)},
    volume={135},
    number={3},
    pages={370--384},
    year={1972},
    publisher={Wiley Online Library}
}

@article{Olofsson2013,
    author = {Olofsson, Pontus and Foody, Giles M. and Stehman, Stephen V. and Woodcock, Curtis E.},
    doi = {10.1016/j.rse.2012.10.031},
    issn = {00344257},
    journal = {Remote Sensing of Environment},
    keywords = {Accuracy assessment,Carbon modeling,Land cover change,Land use change,Stratified estimation,Uncertainty},
    month = {feb},
    pages = {122--131},
    publisher = {Elsevier},
    title = {{Making better use of accuracy data in land change studies: Estimating accuracy and area and quantifying uncertainty using stratified estimation}},
    volume = {129},
    year = {2013}
}

@article{Pontius2011,
    author = {Pontius, Robert Gilmore and Millones, Marco},
    journal = {International Journal of Remote Sensing},
    doi = {10.1080/01431161.2011.552923},
    issn = {13665901},
    number = {15},
    pages = {4407--4429},
    publisher = {Taylor and Francis Ltd.},
    title = {{Death to Kappa: Birth of quantity disagreement and allocation disagreement for accuracy assessment}},
    volume = {32},
    year = {2011}
}

@inproceedings{Jeni2013,
    author = {Jeni, L{\'{a}}szl{\'{o}} A. and Cohn, Jeffrey F. and {De La Torre}, Fernando},
    booktitle = {Proceedings - 2013 Humaine Association Conference on Affective Computing and Intelligent Interaction, ACII 2013},
    doi = {10.1109/ACII.2013.47},
    isbn = {9780769550480},
    keywords = {Action unit detection,Imbalanced data,Performance metrics,Skew normalization},
    pages = {245--251},
    title = {{Facing imbalanced data - Recommendations for the use of performance metrics}},
    year = {2013}
}

@inproceedings{Kubat1997,
    title={Addressing the curse of imbalanced training sets: one-sided selection},
    author={Kubat, Miroslav and Matwin, Stan and others},
    booktitle={Icml},
    volume={97},
    pages={179--186},
    year={1997},
    organization={Citeseer}
}

@article{He2009,
	archiveprefix = {arXiv},
	arxivid = {arXiv:1011.1669v3},
	author = {He, Haibo and Garcia, Edwardo A},
	doi = {10.1109/TKDE.2008.239},
	eprint = {arXiv:1011.1669v3},
	isbn = {1041-4347},
	issn = {10414347},
	journal = {IEEE Transactions on Knowledge and Data Engineering},
	keywords = {Active learning,Assessment metrics,Classification,Cost-sensitive learning,Imbalanced learning,Kernel-based learning,Sampling methods},
	number = {9},
	pages = {1263--1284},
	pmid = {24807526},
	title = {{Learning from Imbalanced Data}},
	volume = {21},
	year = {2009},
}

@article{Yanik2015,
    title={Active learning for sketch recognition},
    author={Yan{\i}k, Erelcan and Sezgin, Tevfik Metin},
    journal={Computers \& Graphics},
    volume={52},
    pages={93--105},
    year={2015},
    publisher={Elsevier}
}

@article{Reitmaier2013,
    title={Let us know your decision: Pool-based active training of a generative classifier with the selection strategy 4DS},
    author={Reitmaier, Tobias and Sick, Bernhard},
    journal={Information Sciences},
    volume={230},
    pages={106--131},
    year={2013},
    publisher={Elsevier}
}

@article{Pedregosa2011,
    author = {Pedregosa, Fabian and Varoquaux, Ga{\"{e}}l and Gramfort, Alexandre and Michel, Vincent and Thirion, Bertrand and Grisel, Olivier and Blondel, Mathieu and Prettenhofer, Peter and Weiss, Ron and Dubourg, Vincent and Vanderplas, Jake and Passos, Alexandre and Cournapeau, David and Brucher, Matthieu and Perrot, Matthieu and Duchesnay, {\'{E}}douard},
    issn = {ISSN 1533-7928},
    journal = {Journal of Machine Learning Research},
    number = {Oct},
    pages = {2825--2830},
    title = {{Scikit-learn: Machine Learning in Python}},
    url = {http://jmlr.csail.mit.edu/papers/v12/pedregosa11a.html},
    volume = {12},
    year = {2011}
}

@article{JMLR:v18:16-365,
	author  = {Guillaume  Lema{{\^i}}tre and Fernando Nogueira and Christos K. Aridas},
	title   = {Imbalanced-learn: A Python Toolbox to Tackle the Curse of Imbalanced Datasets in Machine Learning},
	journal = {Journal of Machine Learning Research},
	year    = {2017},
	volume  = {18},
	number  = {17},
	pages   = {1-5},
	url     = {http://jmlr.org/papers/v18/16-365.html}
}

@article{demvsar2006,
    title={Statistical comparisons of classifiers over multiple data sets},
    author={Dem{\v{s}}ar, Janez},
    journal={Journal of Machine learning research},
    volume={7},
    number={Jan},
    pages={1--30},
    year={2006}
}

@article{holm1979simple,
    title={A simple sequentially rejective multiple test procedure},
    author={Holm, Sture},
    journal={Scandinavian journal of statistics},
    pages={65--70},
    year={1979},
    publisher={JSTOR}
}

@article{friedman1937use,
    title={The use of ranks to avoid the assumption of normality implicit in the analysis of variance},
    author={Friedman, Milton},
    journal={Journal of the american statistical association},
    volume={32},
    number={200},
    pages={675--701},
    year={1937},
    publisher={Taylor \& Francis}
}


@article{Wilcoxon1945,
    author = {Wilcoxon, Frank},
    doi = {10.2307/3001968},
    issn = {00994987},
    journal = {Biometrics Bulletin},
    month = {dec},
    number = {6},
    pages = {80},
    publisher = {JSTOR},
    title = {{Individual Comparisons by Ranking Methods}},
    volume = {1},
    year = {1945}
}





@article{Bi2019,
    author = {Bi, Haixia and Xu, Feng and Wei, Zhiqiang and Xue, Yong and Xu, Zongben},
    doi = {10.1109/TGRS.2019.2926434},
    issn = {15580644},
    journal = {IEEE Transactions on Geoscience and Remote Sensing},
    keywords = {Active learning,Markov random field (MRF),convolutional neural network (CNN),data augmentation,fine-tuning,polarimetric synthetic aperture radar (PolSAR) ima},
    month = {nov},
    number = {11},
    pages = {9378--9395},
    publisher = {Institute of Electrical and Electronics Engineers Inc.},
    title = {{An Active Deep Learning Approach for Minimally Supervised PolSAR Image Classification}},
    volume = {57},
    year = {2019}
}

@article{Wu2020,
    archivePrefix = {arXiv},
    author = {Wu, Xin and Li, Wei and Hong, Danfeng and Tian, Jiaojiao and Tao, Ran and Du, Qian},
    doi = {10.1016/j.isprsjprs.2020.06.016},
    eprint = {2007.08494},
    issn = {09242716},
    journal = {ISPRS Journal of Photogrammetry and Remote Sensing},
    keywords = {Active classification network,Fine-tuning,Multi-source,Optical remote sensing imagery,Segmentation,Vehicle detection},
    month = {sep},
    pages = {39--53},
    publisher = {Elsevier B.V.},
    title = {{Vehicle detection of multi-source remote sensing data using active fine-tuning network}},
    volume = {167},
    year = {2020}
}

@article{Cao2020,
    author = {Cao, Xiangyong and Yao, Jing and Xu, Zongben and Meng, Deyu},
    doi = {10.1109/TGRS.2020.2964627},
    issn = {15580644},
    journal = {IEEE Transactions on Geoscience and Remote Sensing},
    keywords = {Active learning (AL),Markov random field (MRF),convolutional neural network (CNN),deep learning,hyperspectral image (HSI) classification},
    month = {jul},
    number = {7},
    pages = {4604--4616},
    publisher = {Institute of Electrical and Electronics Engineers Inc.},
    title = {{Hyperspectral Image Classification with Convolutional Neural Network and Active Learning}},
    volume = {58},
    year = {2020}
}

@article{Hu2020,
    archivePrefix = {arXiv},
    arxivId = {2008.10351},
    author = {Hu, Lucas and Robinson, Caleb and Dilkina, Bistra},
    eprint = {2008.10351},
    keywords = {deep learning,generalization,land cover,satellite imagery},
    month = {aug},
    title = {{Model Generalization in Deep Learning Applications for Land Cover Mapping}},
    url = {http://arxiv.org/abs/2008.10351},
    year = {2020}
}

@article{Roy2019,
    archivePrefix = {arXiv},
    arxivId = {1902.06701},
    author = {Roy, Swalpa Kumar and Krishna, Gopal and Dubey, Shiv Ram and Chaudhuri, Bidyut B.},
    doi = {10.1109/lgrs.2019.2918719},
    eprint = {1902.06701},
    issn = {1545-598X},
    journal = {IEEE Geoscience and Remote Sensing Letters},
    month = {jun},
    pages = {1--5},
    publisher = {Institute of Electrical and Electronics Engineers (IEEE)},
    title = {{HybridSN: Exploring 3-D-2-D CNN Feature Hierarchy for Hyperspectral Image Classification}},
    year = {2019}
}
