@article{Drusch2012,
    author = {Drusch, M. and {Del Bello}, U. and Carlier, S. and Colin, O. and
            Fernandez, V. and Gascon, F. and Hoersch, B. and Isola, C. and Laberinti, P.
            and Martimort, P. and Meygret, A. and Spoto, F. and Sy, O. and Marchese, F. and
            Bargellini, P.},
    doi = {10.1016/j.rse.2011.11.026},
    issn = {00344257},
    journal = {Remote Sensing of Environment},
    month = {may},
    pages = {25--36},
    publisher = {Elsevier},
    title = {{Sentinel-2: ESA's Optical High-Resolution Mission for GMES Operational Services}},
    volume = {120},
    year = {2012}
}

@article{Wulder2018,
    author = {Wulder, Michael A. and Coops, Nicholas C. and Roy, David P. and White, Joanne
            C. and Hermosilla, Txomin},
    doi = {10.1080/01431161.2018.1452075},
    issn = {13665901},
    journal = {International Journal of Remote Sensing},
    number = {12},
    pages = {4254--4284},
    publisher = {Taylor and Francis Ltd.},
    title = {{Land cover 2.0}},
    volume = {39},
    year = {2018}
}

@article{Khatami2016,
    author = {Khatami, Reza and Mountrakis, Giorgos and Stehman, Stephen V.},
    doi = {10.1016/J.RSE.2016.02.028},
    issn = {0034-4257},
    journal = {Remote Sensing of Environment},
    month = {may},
    pages = {89--100},
    publisher = {Elsevier},
    title = {{A meta-analysis of remote sensing research on supervised pixel-based land-cover
                    image classification processes: General guidelines for practitioners and future
                    research}},
    url = {https://www.sciencedirect.com/science/article/abs/pii/S0034425716300578},
    volume = {177},
    year = {2016}
}

@article{Pelletier2017,
    author = {Pelletier, Charlotte and Valero, Silvia and Inglada, Jordi and Champion,
            Nicolas and {Marais Sicre}, Claire and Dedieu, GÃ©rard},
    doi = {10.3390/rs9020173},
    issn = {2072-4292},
    journal = {Remote Sensing},
    month = {feb},
    number = {2},
    pages = {173},
    title = {{Effect of Training Class Label Noise on Classification Performances for Land
                    Cover Mapping with Satellite Image Time Series}},
    url = {http://www.mdpi.com/2072-4292/9/2/173},
    volume = {9},
    year = {2017}
}

@article{Stromann2020,
    author = {Stromann, Oliver and Nascetti, Andrea and Yousif, Osama and Ban, Yifang},
    doi = {10.3390/RS12010076},
    issn = {20724292},
    journal = {Remote Sensing},
    keywords = {EO big data,Google Earth Engine,MSI,Object-based classification,SAR},
    number = {1},
    pages = {76},
    publisher = {MDPI AG},
    title = {{Dimensionality Reduction and Feature Selection for Object-Based Land Cover
                    Classification based on Sentinel-1 and Sentinel-2 Time Series Using Google
                    Earth Engine}},
    volume = {12},
    year = {2020}
}

@article{Alonso-Sarria2019,
    author = {Alonso-Sarria, Francisco and Valdivieso-Ros, Carmen and Gomariz-Castillo,
            Francisco},
    doi = {10.3390/rs11243000},
    issn = {2072-4292},
    journal = {Remote Sensing},
    keywords = {Class separability,Landsat-8,Random forest,Random tree ensembles,Training area
            representativeness},
    month = {dec},
    number = {24},
    pages = {3000},
    publisher = {MDPI AG},
    title = {{Isolation Forests to Evaluate Class Separability and the Representativeness of
                    Training and Validation Areas in Land Cover Classification}},
    url = {https://www.mdpi.com/2072-4292/11/24/3000},
    volume = {11},
    year = {2019} 
}

@article{Wang2019,
    archivePrefix = {arXiv}, 
    arxivId = {1906.07923},
    author = {Wang, Rongfang and Zhang, Jie and Chen, Jia-Wei and Jiao, Licheng and Wang, Mi}, 
    eprint = {1906.07923},
    journal = {IEEE Geoscience and Remote Sensing Letters}, 
    month = {jun},
    title = {{Imbalanced Learning-based Automatic SAR Images Change Detection by
                    Morphologically Supervised PCA-Net}}, 
    url = {http://arxiv.org/abs/1906.07923},
    year = {2019} 
}

@article{Chawla2004,
    author = {Chawla, Nitesh V. and Japkowicz, Nathalie and Kotcz, Aleksander}, 
    doi = {10.1145/1007730.1007733},
    journal = {ACM SIGKDD Explorations Newsletter}, 
    month = {jun},
    number = {1}, 
    pages = {1},
    publisher = {ACM}, 
    title = {{Editorial: special issue on learning from imbalanced data sets}},
    url = {http://portal.acm.org/citation.cfm?doid=1007730.1007733}, 
    volume = {6},
    year = {2004}
}

@article{Abdi2016,
    author = {Abdi, Lida and Hashemi, Sattar}, 
    doi = {10.1109/TKDE.2015.2458858},
    issn = {1041-4347}, 
    journal = {IEEE Transactions on Knowledge and Data Engineering},
    month = {jan}, 
    number = {1},
    pages = {238--251}, 
    title = {{To Combat Multi-Class Imbalanced Problems by Means of Over-Sampling Techniques}},
    url = {http://ieeexplore.ieee.org/document/7163639/}, 
    volume = {28},
    year = {2016} 
}

@article{Fernandez2013,
    author = {Fern{\'{a}}ndez, Alberto and L{\'{o}}pez, Victoria and Galar, Mikel
            and del Jesus, Mar{\'{i}}a Jos{\'{e}} and Herrera, Francisco},
    doi = {10.1016/J.KNOSYS.2013.01.018}, 
    issn = {0950-7051},
    journal = {Knowledge-Based Systems}, 
    month = {apr},
    pages = {97--110}, 
    publisher = {Elsevier},
    title = {{Analysing the classification of imbalanced data-sets with multiple classes:
                    Binarization techniques and ad-hoc approaches}}, 
    url = {https://www.sciencedirect.com/science/article/abs/pii/S0950705113000300},
    volume = {42}, 
    year = {2013} 
}

@incollection{Luengo2020,
    address = {Cham},
    author = {Luengo, Juli{\'{a}}n and Garc{\'{i}}a-Gil, Diego and
            Ram{\'{i}}rez-Gallego, Sergio and Garc{\'{i}}a, Salvador and Herrera,
            Francisco}, 
    booktitle = {Big Data Preprocessing}, 
    doi = {10.1007/978-3-030-39105-8_8},
    pages = {147--160}, 
    publisher = {Springer International Publishing},
    title = {{Imbalanced Data Preprocessing for Big Data}}, 
    url = {http://link.springer.com/10.1007/978-3-030-39105-8{\_}8},
    year = {2020} 
}

@article{Garcia2016,
    author = {Garc{\'{i}}a, Salvador and Ram{\'{i}}rez-Gallego, Sergio and Luengo, Juli{\'{a}}n and Ben{\'{i}}tez, Jos{\'{e}} Manuel and Herrera, Francisco},
    doi = {10.1186/s41044-016-0014-0},
    issn = {2058-6345},
    journal = {Big Data Analytics},
    keywords = {Algorithm Analysis and Problem Complexity,Big Data,Computational Biology/Bioinformatics,Data Mining and Knowledge Discovery,Data Structures,Data Structures and Information Theory},
    month = {dec},
    number = {1},
    pages = {9},
    publisher = {Springer Nature},
    title = {{Big data preprocessing: methods and prospects}},
    url = {http://bdataanalytics.biomedcentral.com/articles/10.1186/s41044-016-0014-0},
    volume = {1},
    year = {2016}
}

@article{Kaur2019,
    author = {Kaur, Harsurinder and Pannu, Husanbir Singh and Malhi, Avleen Kaur},
    title = {A Systematic Review on Imbalanced Data Challenges in Machine Learning: Applications and Solutions},
    year = {2019},
    issue_date = {September 2019},
    publisher = {Association for Computing Machinery},
    address = {New York, NY, USA},
    volume = {52},
    number = {4},
    issn = {0360-0300},
    url = {https://doi.org/10.1145/3343440},
    doi = {10.1145/3343440},
    journal = {ACM Comput. Surv.},
    month = aug,
    articleno = {79},
    numpages = {36},
    keywords = {Data imbalance, sampling, machine learning, data analysis}
}

@article{Douzas2018, 
    author = {Douzas, Georgios and Bacao, Fernando and Last, Felix}, 
    doi = {10.1016/j.ins.2018.06.056},
    issn = {00200255}, 
    journal = {Information Sciences},
    keywords = {Class-imbalanced learning,Classification,Clustering,Oversampling,Supervised
            learning,Within-class imbalance}, 
    month = {oct},
    pages = {1--20}, 
    publisher = {Elsevier Inc.},
    title = {{Improving imbalanced learning through a heuristic oversampling method based on
                    k-means and SMOTE}}, 
    volume = {465},
    year = {2018}
}

@article{Douzas2019, 
    author = {Douzas, Georgios and Bacao, Fernando},
    doi = {10.1016/J.INS.2019.06.007}, 
    issn = {0020-0255},
    journal = {Information Sciences}, 
    month = {oct},
    pages = {118--135}, 
    publisher = {Elsevier},
    title = {{Geometric SMOTE a geometrically enhanced drop-in replacement for SMOTE}},
    url = {https://www.sciencedirect.com/science/article/pii/S0020025519305353?via{\%}3Dihub}, 
    volume = {501}, 
    year = {2019}  
}

@article{Chawla2002, 
    author = {Chawla, N. V. and Bowyer, K. W. and Hall, L. O. and Kegelmeyer, W. P.}, 
    doi = {10.1613/jair.953},
    issn = {1076-9757}, 
    journal = {Journal of Artificial Intelligence Research},
    month = {jun}, 
    pages = {321--357},
    title = {{SMOTE: Synthetic Minority Over-sampling Technique}}, 
    url = {https://jair.org/index.php/jair/article/view/10302},
    volume = {16}, 
    year = {2002}
}

@inproceedings{HaiboHe2008,
    author = {{Haibo He} and {Yang Bai} and Garcia, Edwardo A. and {Shutao Li}},
    booktitle = {2008 IEEE International Joint Conference on Neural Networks (IEEE World Congress on Computational Intelligence)},
    doi = {10.1109/IJCNN.2008.4633969},
    isbn = {978-1-4244-1820-6},
    month = {jun},
    pages = {1322--1328},
    publisher = {IEEE},
    title = {{ADASYN: Adaptive synthetic sampling approach for imbalanced learning}},
    url = {http://ieeexplore.ieee.org/document/4633969/},
    year = {2008}
}

@inproceedings{Han2005,
    author = {Han, Hui and Wang, Wen-Yuan and Mao, Bing-Huan},
    booktitle = {International Conference on Intelligent Computing},
    doi = {10.1007/11538059_91},
    pages = {878--887},
    publisher = {Springer, Berlin, Heidelberg},
    title = {{Borderline-SMOTE: A New Over-Sampling Method in Imbalanced Data Sets Learning}},
    url = {http://link.springer.com/10.1007/11538059{\_}91},
    year = {2005} 
}

@article{Maxwell2018,
    author = {Maxwell, Aaron E. and Warner, Timothy A. and Fang, Fang},
    doi = {10.1080/01431161.2018.1433343}, 
    issn = {13665901},
    journal = {International Journal of Remote Sensing}, 
    keywords = {Image classification,Land-cover classification,Landcover mapping,Machine
            learning},
    number = {9}, 
    pages = {2784--2817},
    publisher = {Taylor {\&} Francis}, 
    title = {{Implementation of machine-learning classification in remote sensing: An applied
                    review}},
    url = {https://doi.org/10.1080/01431161.2018.1433343}, 
    volume = {39},
    year = {2018}
}

@article{Gavade2019,
    author = {Gavade, Anil B. and Rajpurohit, Vijay S.}, 
    doi = {10.1080/1206212x.2019.1573946},
    issn = {1206-212X}, 
    journal = {International Journal of Computers and Applications},
    keywords = {Remote sensing,clustering,land use classification,learning based
            approaches,satellite images}, 
    month = {feb},
    pages = {1--10}, 
    publisher = {Informa UK Limited},
    title = {{Systematic analysis of satellite image-based land cover classification
            techniques: literature review and challenges}}, 
    year = {2019}
}

@article{Blagus2010,
    author = {Blagus, Rok and Lusa, Lara}, 
    doi = {10.1186/1471-2105-11-523},
    issn = {14712105}, 
    journal = {BMC bioinformatics},
    keywords = {Algorithms,Bioinformatics,Computational Biology/Bioinformatics,Computer Appl.
            in Life Sciences,Microarrays}, 
    month = {oct},
    number = {1}, 
    pages = {523},
    publisher = {BioMed Central}, 
    title = {{Class prediction for high-dimensional class-imbalanced data.}},
    volume = {11}, 
    year = {2010}
}

@inproceedings{Waske2009,
    author = {Waske, Bj{\"{o}}rn and Benediktsson, Jon Atli and Sveinsson, Johannes R.}, 
    booktitle = {Lecture Notes in Computer Science (including subseries Lecture Notes in
        Artificial Intelligence and Lecture Notes in Bioinformatics)}, 
    doi = {10.1007/978-3-642-02326-2_38},
    isbn = {3642023258}, 
    issn = {03029743},
    keywords = {Bagging,Imbalanced training data,Land cover
        classification,Multispectral,Support vector machines}, 
    pages = {375--384},
    title = {{Classifying remote sensing data with support vector machines and imbalanced
                training data}}, 
    url = {http://link.springer.com/10.1007/978-3-642-02326-2{\_}38},
    volume = {5519 LNCS}, 
    year = {2009} 
}

@inproceedings{Huang2016,
    author = {Huang, Chen and Li, Yining and Loy, Chen Change and Tang, Xiaoou}, 
    booktitle = {Proceedings of the IEEE Computer Society Conference on Computer Vision and
            Pattern Recognition},
    doi = {10.1109/CVPR.2016.580}, 
    isbn = {9781467388504},
    issn = {10636919}, 
    pages = {5375--5384},
    title = {{Learning deep representation for imbalanced classification}}, 
    volume = {2016-Decem},
    year = {2016}
}

@inproceedings{Cui2019,
    archivePrefix = {arXiv},
    arxivId = {1901.05555},
    author = {Cui, Yin and Jia, Menglin and Lin, Tsung Yi and Song, Yang and Belongie, Serge},
    booktitle = {Proceedings of the IEEE Computer Society Conference on Computer Vision and
            Pattern Recognition},
    doi = {10.1109/CVPR.2019.00949},
    eprint = {1901.05555},
    isbn = {9781728132938},
    issn = {10636919},
    keywords = {Categorization,Computer Vision Theory,Deep Learning,Recognition:
            Detection,Retrieval},
    pages = {9260--9269},
    title = {{Class-balanced loss based on effective number of samples}},
    volume = {2019-June},
    year = {2019}
}

@inproceedings{Dong2017,
    archivePrefix = {arXiv},
    arxivId = {1712.03162},
    author = {Dong, Qi and Gong, Shaogang and Zhu, Xiatian},
    booktitle = {Proceedings of the IEEE International Conference on Computer Vision},
    doi = {10.1109/ICCV.2017.205},
    eprint = {1712.03162},
    isbn = {9781538610329},
    issn = {15505499},
    pages = {1869--1878},
    title = {{Class Rectification Hard Mining for Imbalanced Deep Learning}},
    volume = {2017-Octob},
    year = {2017}
}

@inproceedings{Yap2014,
    author = {Yap, Bee Wah and Rani, Khatijahhusna Abd and {Abd Rahman}, Hezlin
            Aryani and Fong, Simon and Khairudin, Zuraida and Abdullah, Nik Nairan},
    booktitle = {Lecture Notes in Electrical Engineering},
    doi = {10.1007/978-981-4585-18-7_2},
    isbn = {9789814585170},
    issn = {18761119},
    keywords = {Bagging,Boosting,Imbalanced data,Oversampling,Undersampling},
    pages = {13--22},
    publisher = {Springer Verlag},
    title = {{An application of oversampling, undersampling, bagging and boosting in handling
                    imbalanced datasets}},
    volume = {285 LNEE},
    year = {2014}
}

@article{Mellor2015,
    author = {Mellor, Andrew and Boukir, Samia and Haywood, Andrew and Jones, Simon},
    doi = {10.1016/J.ISPRSJPRS.2015.03.014},
    issn = {0924-2716},
    journal = {ISPRS Journal of Photogrammetry and Remote Sensing},
    month = {jul},
    pages = {155--168},
    publisher = {Elsevier},
    title = {{Exploring issues of training data imbalance and mislabelling on random forest
                    performance for large area land cover classification using the ensemble margin}},
    url = {https://www.sciencedirect.com/science/article/pii/S0924271615000945},
    volume = {105},
    year = {2015}
}

@article{Lee2016,
    author = {Lee, Taehyung and Lee, Ki Bum and Kim, Chang Ouk},
    doi = {10.1109/TSM.2016.2602226},
    issn = {08946507},
    journal = {IEEE Transactions on Semiconductor Manufacturing},
    keywords = {Class imbalance,fault detection,machine learning,performance
            evaluation,semiconductor manufacturing},
    month = {nov},
    number = {4},
    pages = {436--445},
    publisher = {Institute of Electrical and Electronics Engineers Inc.},
    title = {{Performance of Machine Learning Algorithms for Class-Imbalanced Process Fault
                    Detection Problems}},
    url = {http://ieeexplore.ieee.org/document/7549079/},
    volume = {29},
    year = {2016}
}

@article{Shao2014,
    author = {Shao, Yuan Hai and Chen, Wei Jie and Zhang, Jing Jing and Wang, Zhen and Deng,
            Nai Yang},
    doi = {10.1016/j.patcog.2014.03.008},
    issn = {00313203},
    journal = {Pattern Recognition},
    keywords = {Imbalanced data classification,Lagrangian functions,Quadratic cost
            functions,Twin support vector machine,Weighted twin support vector machine},
    month = {sep},
    number = {9},
    pages = {3158--3167},
    publisher = {Elsevier Ltd},
    title = {{An efficient weighted Lagrangian twin support vector machine for imbalanced
                    data classification}},
    volume = {47},
    year = {2014}
}

@article{Feng2019,
    author = {Feng, Wei and Huang, Wenjiang and Bao, Wenxing},
    doi = {10.1109/LGRS.2019.2913387},
    issn = {1545-598X},
    journal = {IEEE Geoscience and Remote Sensing Letters},
    pages = {1--5},
    title = {{Imbalanced Hyperspectral Image Classification With an Adaptive Ensemble Method
                    Based on SMOTE and Rotation Forest With Differentiated Sampling Rates}},
    url = {https://ieeexplore.ieee.org/document/8713384/},
    year = {2019}
}

@article{Sharififar2019,
    author = {Sharififar, Amin and Sarmadian, Fereydoon and Minasny, Budiman},
    doi = {10.1016/j.compag.2019.03.006},
    issn = {01681699},
    journal = {Computers and Electronics in Agriculture},
    keywords = {Class imbalance problem,Data oversampling,Digital soil mapping,Imbalanced
            datasets,Spatial simulation},
    month = {apr},
    pages = {110--118},
    publisher = {Elsevier B.V.},
    title = {{Mapping imbalanced soil classes using Markov chain random fields models treated
                    with data resampling technique}},
    volume = {159},
    year = {2019}
}

@article{Hounkpatin2018,
    author = {Hounkpatin, Kpade O.L. and Schmidt, Karsten and Stumpf, Felix and Forkuor,
            Gerald and Behrens, Thorsten and Scholten, Thomas and Amelung, Wulf and Welp, Gerhard},
    doi = {10.1038/s41598-018-28244-w},
    issn = {20452322},
    journal = {Scientific Reports},
    keywords = {Geomorphology,Hydrology},
    month = {dec},
    number = {1},
    pages = {1--16},
    publisher = {Nature Publishing Group},
    title = {{Predicting reference soil groups using legacy data: A data pruning and Random
                    Forest approach for tropical environment (Dano catchment, Burkina Faso)}},
    volume = {8},
    year = {2018}
}

@article{Krawczyk2016,
    author = {Krawczyk, Bartosz},
    booktitle = {Progress in Artificial Intelligence},
    journal={Progress in Artificial Intelligence},
    doi = {10.1007/s13748-016-0094-0},
    issn = {21926360},
    keywords = {Big data,Data streams,Imbalanced clustering,Imbalanced data,Imbalanced
            regression,Machine learning,Multi-class imbalance},
    month = {nov},
    number = {4},
    pages = {221--232},
    publisher = {Springer},
    title = {{Learning from imbalanced data: open challenges and future directions}},
    volume = {5},
    year = {2016}
}

@article{Ferreira2019,
    author = {Ferreira, Matheus Pinheiro and Wagner, Fabien Hubert and
            Arag{\~{a}}o, Luiz E.O.C. and Shimabukuro, Yosio Edemir
            and {de Souza Filho}, Carlos Roberto},
    doi = {10.1016/j.isprsjprs.2019.01.019}, 
    issn = {09242716},
    journal = {ISPRS Journal of Photogrammetry and Remote Sensing}, 
    keywords = {Biodiversity,Canopy structure,GLCM,Tree species discrimination,Tropical
        forests,Very-high resolution},
    month = {mar}, 
    pages = {119--131},
    publisher = {Elsevier B.V.}, 
    title = {{Tree species classification in tropical forests using visible to shortwave
                infrared WorldView-3 images and texture analysis}},
    volume = {149}, 
    year = {2019} 
}

@article{Jozdani2019,
    author = {Jozdani, Shahab Eddin and Johnson, Brian Alan and Chen, Dongmei},
    doi = {10.3390/rs11141713},
    issn = {2072-4292},
    journal = {Remote Sensing},
    keywords = {Deep learning,GEOBIA,High-spatial resolution imagery,Land use/cover
            classification,Remote sensing},
    month = {jul},
    number = {14},
    pages = {1713},
    publisher = {MDPI AG},
    title = {{Comparing Deep Neural Networks, Ensemble Classifiers, and Support Vector
                    Machine Algorithms for Object-Based Urban Land Use/Land Cover Classification}},
    url = {https://www.mdpi.com/2072-4292/11/14/1713},
    volume = {11},
    year = {2019}
}

@article{Bogner2018,
    author = {Bogner, Christina and Seo, Bumsuk and Rohner, Dorian and Reineking,
            Bj{\"{o}}rn}, 
    doi = {10.1371/journal.pone.0190476},
    issn = {19326203}, 
    journal = {PLoS ONE},
    month = {jan}, 
    number = {1},
    publisher = {Public Library of Science}, 
    title = {{Classification of rare land cover types: Distinguishing annual and perennial
                crops in an agricultural catchment in South Korea}},
    volume = {13}, 
    year = {2018} 
}

@article{Zhu2020,
    author = {Zhu, Ming and Wu, Bo and He, Y. N. and He, Y. Q.},
    doi = {10.5194/isprs-archives-xlii-3-w10-685-2020},
    issn = {2194-9034},
    journal = {ISPRS - International Archives of the Photogrammetry, Remote Sensing and
            Spatial Information Sciences},
    keywords = {Convolutional Neural Networks,Deep Learning,High Resolution Satellite
            Image,Land Cover Classification,Semantic Segmentation},
    pages = {685--690},
    title = {{Land Cover Classification Using High Resolution Satellite Image Based On Deep
                    Learning}},
    url = {https://doi.org/10.5194/isprs-archives-XLII-3-W10-685-2020},
    volume = {XLII-3/W10},
    year = {2020}
}

@inproceedings{Cenggoro2018,
    author = {Cenggoro, Tjeng Wawan and Isa, Sani M. and Kusuma, Gede Putra and Pardamean,
            Bens},
    booktitle = {Proceedings - 2017 International Conference on Innovative and Creative
            Information Technology: Computational Intelligence and IoT, ICITech 2017},
    doi = {10.1109/INNOCIT.2017.8319149},
    isbn = {9781538640456},
    keywords = {Imbalanced Learning,Remote Sensing,Variational Autoencoder,Variational
            Semi-Supervised Learning},
    month = {nov},
    pages = {1--6},
    publisher = {IEEE},
    title = {{Classification of imbalanced land-use/land-cover data using variational
                    semi-supervised learning}},
    url = {http://ieeexplore.ieee.org/document/8319149/},
    volume = {2018-Janua},
    year = {2018}
}

@inproceedings{holte1989,
    title={Concept Learning and the Problem of Small Disjuncts.},
    author={Holte, Robert C and Acker, Liane and Porter, Bruce W and others}, 
    booktitle={IJCAI},
    volume={89}, 
    pages={813--818},
    year={1989}, 
    organization={Citeseer}
}

@article{Douzas2017,
    author = {Douzas, Georgios and Bacao, Fernando},
    doi = {10.1016/j.eswa.2017.03.073},
    issn = {09574174},
    journal = {Expert Systems with Applications},
    month = {oct},
    pages = {40--52},
    publisher = {Elsevier Ltd},
    title = {{Self-Organizing Map Oversampling (SOMO) for imbalanced data set learning}},
    volume = {82},
    year = {2017}
}

@inproceedings{Feng2018,
    author = {Feng, Wei and Huang, Wenjiang and Ye, Huichun and Zhao, Longlong},
    booktitle = {International Geoscience and Remote Sensing Symposium (IGARSS)},
    doi = {10.1109/IGARSS.2018.8518242},
    isbn = {9781538671504},
    keywords = {Classification,Ensemble learning,Hyperspectral image,Imbalance learning,Rotation forest},
    month = {oct},
    pages = {2651--2654},
    publisher = {Institute of Electrical and Electronics Engineers Inc.},
    title = {{Synthetic minority over-sampling technique based rotation forest for the classification of unbalanced hyperspectral data}},
    volume = {2018-July},
    year = {2018}
}

@article{Ma2017,
    author = {Ma, Li and Fan, Suohai},
    doi = {10.1186/s12859-017-1578-z},
    issn = {14712105},
    journal = {BMC Bioinformatics},
    keywords = {Feature selection,Imbalance data,Intelligence algorithm,Parameter optimization,Random forests},
    month = {mar},
    number = {1},
    pages = {169},
    pmid = {28292263},
    publisher = {BioMed Central Ltd.},
    title = {{CURE-SMOTE algorithm and hybrid algorithm for feature selection and parameter optimization based on random forests}},
    url = {http://bmcbioinformatics.biomedcentral.com/articles/10.1186/s12859-017-1578-z},
    volume = {18},
    year = {2017}
}

@article{Santos2015,
    author = {Santos, Miriam Seoane and Abreu, Pedro Henriques and Garc{\'{i}}a-Laencina, Pedro J. and Sim{\~{a}}o, Ad{\'{e}}lia and Carvalho, Armando},
    doi = {10.1016/j.jbi.2015.09.012},
    issn = {15320464},
    journal = {Journal of Biomedical Informatics},
    keywords = {Clustering,Hepatocellular Carcinoma (HCC),K-means,Oversampling,SMOTE,Survival prediction},
    month = {dec},
    pages = {49--59},
    publisher = {Academic Press Inc.},
    title = {{A new cluster-based oversampling method for improving survival prediction of hepatocellular carcinoma patients}},
    volume = {58},
    year = {2015}
}

@article{Douzas2019rs,
    author = {Douzas, Georgios and Bacao, Fernando and Fonseca, Joao and Khudinyan, Manvel},
    doi = {10.3390/rs11243040},
    issn = {20724292},
    journal = {Remote Sensing},
    keywords = {Class imbalance,Geometric-SMOTE,Imbalanced learning,LULC classification,Oversampling},
    month = {dec},
    number = {24},
    pages = {3040},
    publisher = {MDPI AG},
    title = {{Imbalanced learning in land cover classification: Improving minority classes' prediction accuracy using the geometric SMOTE algorithm}},
    url = {https://www.mdpi.com/2072-4292/11/24/3040},
    volume = {11},
    year = {2019}
}

@article{Baumgardner2015,
    author = {Baumgardner, Marion F. and Biehl, Larry L. and Landgrebe, David A.},
    doi = {10.4231/R7RX991C},
    journal = {Purdue University Research Repository},
    month = {sep},
    title = {{220 Band AVIRIS Hyperspectral Image Data Set: June 12, 1992 Indian Pine Test Site 3}},
    url = {https://doi.org/10.4231/R7RX991C},
    year = {2015}
}

@article{Olofsson2013,
    author = {Olofsson, Pontus and Foody, Giles M. and Stehman, Stephen V. and Woodcock, Curtis E.},
    doi = {10.1016/j.rse.2012.10.031},
    issn = {00344257},
    journal = {Remote Sensing of Environment},
    keywords = {Accuracy assessment,Carbon modeling,Land cover change,Land use change,Stratified estimation,Uncertainty},
    month = {feb},
    pages = {122--131},
    publisher = {Elsevier},
    title = {{Making better use of accuracy data in land change studies: Estimating accuracy and area and quantifying uncertainty using stratified estimation}},
    volume = {129},
    year = {2013}
}

@misc{Pontius2011,
    author = {Pontius, Robert Gilmore and Millones, Marco},
    booktitle = {International Journal of Remote Sensing},
    doi = {10.1080/01431161.2011.552923},
    issn = {13665901},
    number = {15},
    pages = {4407--4429},
    publisher = {Taylor and Francis Ltd.},
    title = {{Death to Kappa: Birth of quantity disagreement and allocation disagreement for accuracy assessment}},
    volume = {32},
    year = {2011}
}

@inproceedings{Jeni2013,
    author = {Jeni, L{\'{a}}szl{\'{o}} A. and Cohn, Jeffrey F. and {De La Torre}, Fernando},
    booktitle = {Proceedings - 2013 Humaine Association Conference on Affective Computing and Intelligent Interaction, ACII 2013},
    doi = {10.1109/ACII.2013.47},
    isbn = {9780769550480},
    keywords = {Action unit detection,Imbalanced data,Performance metrics,Skew normalization},
    pages = {245--251},
    title = {{Facing imbalanced data - Recommendations for the use of performance metrics}},
    year = {2013}
}

@article{He2009,
	archiveprefix = {arXiv},
	arxivid = {arXiv:1011.1669v3},
	author = {He, Haibo and Garcia, Edwardo A},
	doi = {10.1109/TKDE.2008.239},
	eprint = {arXiv:1011.1669v3},
	isbn = {1041-4347},
	issn = {10414347},
	journal = {IEEE Transactions on Knowledge and Data Engineering},
	keywords = {Active learning,Assessment metrics,Classification,Cost-sensitive learning,Imbalanced learning,Kernel-based learning,Sampling methods},
	number = {9},
	pages = {1263--1284},
	pmid = {24807526},
	title = {{Learning from Imbalanced Data}},
	volume = {21},
	year = {2009},
}

@article{Nelder1972,
  title={Generalized linear models},
  author={Nelder, John Ashworth and Wedderburn, Robert WM},
  journal={Journal of the Royal Statistical Society: Series A (General)},
  volume={135},
  number={3},
  pages={370--384},
  year={1972},
  publisher={Wiley Online Library}
}

@article{Cover1967,
	author = {Cover, T and Hart, P},
	doi = {10.1109/TIT.1967.1053964},
	isbn = {0018-9448},
	issn = {0018-9448},
	journal = {IEEE Transactions on Information Theory},
	number = {1},
	pages = {21--27},
	pmid = {21919855},
	title = {{Nearest neighbor pattern classification}},
	url =
		{http://ieeexplore.ieee.org/lpdocs/epic03/wrapper.htm?arnumber=1053964},
	volume = {13},
	year = {1967},
}

@Article{Salzberg1994,
	author={Salzberg, Steven L.},
	title={C4.5: Programs for Machine Learning by J. Ross Quinlan. Morgan
			Kaufmann Publishers, Inc., 1993},
	journal={Machine Learning},
	year={1994},
	month={Sep},
	day={01},
	volume={16},
	number={3},
	pages="235--240",
	issn="1573-0565",
	doi="10.1007/BF00993309",
	url="https://doi.org/10.1007/BF00993309"
}

@article{Friedman2001,
	archiveprefix = {arXiv},
	arxivid = {arXiv:1011.1669v3},
	author = {Friedman, Jerome H},
	doi = {DOI 10.1214/aos/1013203451},
	eprint = {arXiv:1011.1669v3},
	isbn = {0090-5364},
	issn = {00905364},
	journal = {Annals of Statistics},
	keywords = {Boosting,Decision trees,Function estimation,Robust
			nonparametric regression},
	number = {5},
	pages = {1189--1232},
	pmid = {21740230},
	title = {{Greedy function approximation: A gradient boosting machine}},
	volume = {29},
	year = {2001},
}

@article{Liaw2002,
	title={Classification and regression by randomForest},
	author={Liaw, Andy and Wiener, Matthew and others},
	journal={R news},
	volume={2},
	number={3},
	pages={18--22},
	year={2002}
}

@article{Pedregosa2011,
    author = {Pedregosa, Fabian and Varoquaux, Ga{\"{e}}l and Gramfort, Alexandre and Michel, Vincent and Thirion, Bertrand and Grisel, Olivier and Blondel, Mathieu and Prettenhofer, Peter and Weiss, Ron and Dubourg, Vincent and Vanderplas, Jake and Passos, Alexandre and Cournapeau, David and Brucher, Matthieu and Perrot, Matthieu and Duchesnay, {\'{E}}douard},
    issn = {ISSN 1533-7928},
    journal = {Journal of Machine Learning Research},
    number = {Oct},
    pages = {2825--2830},
    title = {{Scikit-learn: Machine Learning in Python}},
    url = {http://jmlr.csail.mit.edu/papers/v12/pedregosa11a.html},
    volume = {12},
    year = {2011}
}

@article{JMLR:v18:16-365,
	author  = {Guillaume  Lema{{\^i}}tre and Fernando Nogueira and Christos K. Aridas},
	title   = {Imbalanced-learn: A Python Toolbox to Tackle the Curse of Imbalanced Datasets in Machine Learning},
	journal = {Journal of Machine Learning Research},
	year    = {2017},
	volume  = {18},
	number  = {17},
	pages   = {1-5},
	url     = {http://jmlr.org/papers/v18/16-365.html}
}

@article{demvsar2006,
  title={Statistical comparisons of classifiers over multiple data sets},
  author={Dem{\v{s}}ar, Janez},
  journal={Journal of Machine learning research},
  volume={7},
  number={Jan},
  pages={1--30},
  year={2006}
}

@article{holm1979simple,
  title={A simple sequentially rejective multiple test procedure},
  author={Holm, Sture},
  journal={Scandinavian journal of statistics},
  pages={65--70},
  year={1979},
  publisher={JSTOR}
}

@article{friedman1937use,
  title={The use of ranks to avoid the assumption of normality implicit in the analysis of variance},
  author={Friedman, Milton},
  journal={Journal of the american statistical association},
  volume={32},
  number={200},
  pages={675--701},
  year={1937},
  publisher={Taylor \& Francis}
}

@article{Haixiang2017,
    author = {Haixiang, Guo and Yijing, Li and Shang, Jennifer and Mingyun, Gu and Yuanyue, Huang and Bing, Gong},
    title = {Learning from Class-Imbalanced Data},
    year = {2017},
    issue_date = {May 2017},
    publisher = {Pergamon Press, Inc.},
    address = {USA},
    volume = {73},
    number = {C},
    issn = {0957-4174},
    url = {https://doi.org/10.1016/j.eswa.2016.12.035},
    doi = {10.1016/j.eswa.2016.12.035},
    journal = {Expert Syst. Appl.},
    month = may,
    pages = {220â239},
    numpages = {20},
    keywords = {Rare events, Machine learning, Imbalanced data, Data mining}
}

@inproceedings{Japkowicz2001,
    author = {Japkowicz, Nathalie},
    booktitle = {Lecture Notes in Computer Science (including subseries Lecture Notes in Artificial Intelligence and Lecture Notes in Bioinformatics)},
    doi = {10.1007/3-540-45153-6_7},
    isbn = {3540421440},
    issn = {16113349},
    pages = {67--77},
    publisher = {Springer Verlag},
    title = {{Concept-learning in the presence of between-class and within-class imbalances}},
    url = {https://link.springer.com/chapter/10.1007/3-540-45153-6_7},
    volume = {2056},
    year = {2001}
}

@article{Jo2004,
    author = {Jo, Taeho and Japkowicz, Nathalie},
    doi = {10.1145/1007730.1007737},
    issn = {1931-0145},
    journal = {ACM SIGKDD Explorations Newsletter},
    keywords = {between-class imbalance,class imbalance,rare cases,resampling,small disjuncts,within-class imbalance},
    month = {jun},
    number = {1},
    pages = {40--49},
    publisher = {Association for Computing Machinery (ACM)},
    title = {{Class imbalances versus small disjuncts}},
    url = {https://dl.acm.org/doi/10.1145/1007730.1007737},
    volume = {6},
    year = {2004}
}

@article{Fritz2017,
    author = {Fritz, Steffen and See, Linda and Perger, Christoph and McCallum, Ian and Schill, Christian and Schepaschenko, Dmitry and Duerauer, Martina and Karner, Mathias and Dresel, Christopher and Laso-Bayas, Juan Carlos and Lesiv, Myroslava and Moorthy, Inian and Salk, Carl F. and Danylo, Olha and Sturn, Tobias and Albrecht, Franziska and You, Liangzhi and Kraxner, Florian and Obersteiner, Michael},
    doi = {10.1038/sdata.2017.75},
    issn = {20524463},
    journal = {Scientific Data},
    keywords = {Environmental impact,Geography},
    month = {jun},
    number = {1},
    pages = {1--8},
    pmid = {28608851},
    publisher = {Nature Publishing Groups},
    title = {{A global dataset of crowdsourced land cover and land use reference data}},
    url = {www.nature.com/sdata/},
    volume = {4},
    year = {2017}
}

@article{Demsar2006,
    author = {Dem{\v{s}}ar, Janez},
    doi = {10.5555/1248547},
    journal = {Journal of Machine Learning Research},
    keywords = {Friedman test,Wilcoxon signed ranks test,comparative studies,multiple comparisons tests,statistical methods},
    pages = {1--30},
    title = {{Statistical Comparisons of Classifiers over Multiple Data Sets}},
    volume = {7},
    year = {2006}
}


@incollection{wilcoxon1992,
  title={Individual comparisons by ranking methods},
  author={Wilcoxon, Frank},
  booktitle={Breakthroughs in statistics},
  pages={196--202},
  year={1992},
  publisher={Springer}
}

