
@article{Fenza2021,
  title={Data set quality in Machine Learning: Consistency measure based on Group Decision Making},
  author={Fenza, Giuseppe and Gallo, Mariacristina and Loia, Vincenzo and Orciuoli, Francesco and Herrera-Viedma, Enrique},
  journal={Applied Soft Computing},
  volume={106},
  pages={107366},
  year={2021},
  publisher={Elsevier}
}

@article{Halevy2009,
  title={The unreasonable effectiveness of data},
  author={Halevy, Alon and Norvig, Peter and Pereira, Fernando},
  journal={IEEE Intelligent Systems},
  volume={24},
  number={2},
  pages={8--12},
  year={2009},
  publisher={IEEE}
}

@article{Domingos2012,
  title={A few useful things to know about machine learning},
  author={Domingos, Pedro},
  journal={Communications of the ACM},
  volume={55},
  number={10},
  pages={78--87},
  year={2012},
  publisher={ACM New York, NY, USA}
}

@article{Salman2019,
  title={Overfitting mechanism and avoidance in deep neural networks},
  author={Salman, Shaeke and Liu, Xiuwen},
  journal={arXiv preprint arXiv:1901.06566},
  year={2019}
}

@article{Xie2021,
  title={Artificial neural variability for deep learning: On overfitting, noise memorization, and catastrophic forgetting},
  author={Xie, Zeke and He, Fengxiang and Fu, Shaopeng and Sato, Issei and Tao, Dacheng and Sugiyama, Masashi},
  journal={Neural computation},
  volume={33},
  number={8},
  pages={2163--2192},
  year={2021},
  publisher={MIT Press One Rogers Street, Cambridge, MA 02142-1209, USA journals-info~â€¦}
}

@article{Zhang2021,
  title={Understanding deep learning (still) requires rethinking generalization},
  author={Zhang, Chiyuan and Bengio, Samy and Hardt, Moritz and Recht, Benjamin and Vinyals, Oriol},
  journal={Communications of the ACM},
  volume={64},
  number={3},
  pages={107--115},
  year={2021},
  publisher={ACM New York, NY, USA}
}

@article{benning2018modern,
  title={Modern regularization methods for inverse problems},
  author={Benning, Martin and Burger, Martin},
  journal={Acta Numerica},
  volume={27},
  pages={1--111},
  year={2018},
  publisher={Cambridge University Press}
}


@article{Bartlett2021,
  title={Deep learning: a statistical viewpoint},
  author={Bartlett, Peter L and Montanari, Andrea and Rakhlin, Alexander},
  journal={Acta numerica},
  volume={30},
  pages={87--201},
  year={2021},
  publisher={Cambridge University Press}
}

@article{santos2022avoiding,
  title={Avoiding Overfitting: A Survey on Regularization Methods for Convolutional Neural Networks},
  author={Santos, Claudio Filipi Gon{\c{c}}alves dos and Papa, Jo{\~a}o Paulo},
  journal={ACM Computing Surveys (CSUR)},
  year={2022},
  publisher={ACM New York, NY}
}

@article{Van2001,
  title={The art of data augmentation},
  author={Van Dyk, David A and Meng, Xiao-Li},
  journal={Journal of Computational and Graphical Statistics},
  volume={10},
  number={1},
  pages={1--50},
  year={2001},
  publisher={Taylor \& Francis}
}

@inproceedings{Wong2016,
  title={Understanding data augmentation for classification: when to warp?},
  author={Wong, Sebastien C and Gatt, Adam and Stamatescu, Victor and McDonnell, Mark D},
  booktitle={2016 international conference on digital image computing: techniques and applications (DICTA)},
  pages={1--6},
  year={2016},
  organization={IEEE}
}

@inproceedings{Behpour2019,
  title={Ada: Adversarial data augmentation for object detection},
  author={Behpour, Sima and Kitani, Kris M and Ziebart, Brian D},
  booktitle={2019 IEEE Winter Conference on Applications of Computer Vision (WACV)},
  pages={1243--1252},
  year={2019},
  organization={IEEE}
}

@article{dankar2021fake,
  title={Fake it till you make it: Guidelines for effective synthetic data generation},
  author={Dankar, Fida K and Ibrahim, Mahmoud},
  journal={Applied Sciences},
  volume={11},
  number={5},
  pages={2158},
  year={2021},
  publisher={MDPI}
}

@inproceedings{taub2018differential,
  title={Differential correct attribution probability for synthetic data: an exploration},
  author={Taub, Jennifer and Elliot, Mark and Pampaka, Maria and Smith, Duncan},
  booktitle={International Conference on Privacy in Statistical Databases},
  pages={122--137},
  year={2018},
  organization={Springer}
}

@article{park2018data,
  title={Data Synthesis based on Generative Adversarial Networks},
  author={Park, Noseong and Mohammadi, Mahmoud and Gorde, Kshitij and Jajodia, Sushil and Park, Hongkyu and Kim, Youngmin},
  journal={Proceedings of the VLDB Endowment},
  volume={11},
  number={10},
  year={2018}
}

@article{hernandez2022synthetic,
  title={Synthetic Data Generation for Tabular Health Records: A Systematic Review},
  author={Hernandez, Mikel and Epelde, Gorka and Alberdi, Ane and Cilla, Rodrigo and Rankin, Debbie},
  journal={Neurocomputing},
  year={2022},
  publisher={Elsevier}
}

@article{reiter2004new,
  title={New approaches to data dissemination: A glimpse into the future (?)},
  author={Reiter, Jerome P},
  journal={Chance},
  volume={17},
  number={3},
  pages={11--15},
  year={2004},
  publisher={Taylor \& Francis}
}

@article{yu2022survey,
  title={A survey on federated learning in data mining},
  author={Yu, Bin and Mao, Wenjie and Lv, Yihan and Zhang, Chen and Xie, Yu},
  journal={Wiley Interdisciplinary Reviews: Data Mining and Knowledge Discovery},
  volume={12},
  number={1},
  pages={e1443},
  year={2022},
  publisher={Wiley Online Library}
}

