@article{Chawla2002, 
    author = {Chawla, N. V. and Bowyer, K. W. and Hall, L. O. and Kegelmeyer, W. P.}, 
    doi = {10.1613/jair.953},
    issn = {1076-9757}, 
    journal = {Journal of Artificial Intelligence Research},
    month = {jun}, 
    pages = {321--357},
    title = {{SMOTE: Synthetic Minority Over-sampling Technique}}, 
    url = {https://jair.org/index.php/jair/article/view/10302},
    volume = {16}, 
    year = {2002}
}

@article{fonseca2021increasing,
  title={Increasing the Effectiveness of Active Learning: Introducing Artificial Data Generation in Active Learning for Land Use/Land Cover Classification},
  author={Fonseca, Joao and Douzas, Georgios and Bacao, Fernando},
  journal={Remote Sensing},
  volume={13},
  number={13},
  pages={2619},
  year={2021},
  publisher={Multidisciplinary Digital Publishing Institute}
}

@article{JMLR:v18:16-365,
  author  = {Guillaume  Lema{{\^i}}tre and Fernando Nogueira and Christos K. Aridas},
  title   = {Imbalanced-learn: A Python Toolbox to Tackle the Curse of Imbalanced Datasets in Machine Learning},
  journal = {Journal of Machine Learning Research},
  year    = {2017},
  volume  = {18},
  number  = {17},
  pages   = {1-5},
  url     = {http://jmlr.org/papers/v18/16-365}
}

@article{scikit-learn,
  title={Scikit-learn: Machine Learning in {P}ython},
  author={Pedregosa, F. and Varoquaux, G. and Gramfort, A. and Michel, V.
          and Thirion, B. and Grisel, O. and Blondel, M. and Prettenhofer, P.
          and Weiss, R. and Dubourg, V. and Vanderplas, J. and Passos, A. and
          Cournapeau, D. and Brucher, M. and Perrot, M. and Duchesnay, E.},
  journal={Journal of Machine Learning Research},
  volume={12},
  pages={2825--2830},
  year={2011}
}

@incollection{rout2018handling,
  title={Handling imbalanced data: a survey},
  author={Rout, Neelam and Mishra, Debahuti and Mallick, Manas Kumar},
  booktitle={International proceedings on advances in soft computing, intelligent systems and applications},
  pages={431--443},
  year={2018},
  publisher={Springer}
}

@inproceedings{jeni2013facing,
  title={Facing imbalanced data--recommendations for the use of performance metrics},
  author={Jeni, L{\'a}szl{\'o} A and Cohn, Jeffrey F and De La Torre, Fernando},
  booktitle={2013 Humaine association conference on affective computing and intelligent interaction},
  pages={245--251},
  year={2013},
  organization={IEEE}
}
