@article{Pedregosa2011,
   author = {Pedregosa, Fabian and Varoquaux, Ga{\"{e}}l and Gramfort, Alexandre and Michel, Vincent and Thirion, Bertrand and Grisel, Olivier and Blondel, Mathieu and Prettenhofer, Peter and Weiss, Ron and Dubourg, Vincent and Vanderplas, Jake and Passos, Alexandre and Cournapeau, David and Brucher, Matthieu and Perrot, Matthieu and Duchesnay, {\'{E}}douard},
   issn = {ISSN 1533-7928},
   journal = {Journal of Machine Learning Research},
   number = {Oct},
   pages = {2825--2830},
   title = {{Scikit-learn: Machine Learning in Python}},
   volume = {12},
   year = {2011}
}

@article{JMLR:v18:16-365,
   author  = {Guillaume  Lema{{\^i}}tre and Fernando Nogueira and Christos K. Aridas},
   title   = {Imbalanced-learn: A Python Toolbox to Tackle the Curse of Imbalanced Datasets in Machine Learning},
   journal = {Journal of Machine Learning Research},
   year    = {2017},
   volume  = {18},
   number  = {17},
   pages   = {1-5},
}

@article{Douzas2019,
   year = {2019},
   month = oct,
   publisher = {Elsevier {BV}},
   volume = {501},
   pages = {118--135},
   author = {Georgios Douzas and Fernando Bacao},
   title = {Geometric {SMOTE} a Geometrically Enhanced Drop-In Replacement for {SMOTE}},
   journal = {Information Sciences}
}

@article{Nelder1972,
   title={Generalized linear models},
   author={Nelder, John Ashworth and Wedderburn, Robert WM},
   journal={Journal of the Royal Statistical Society: Series A (General)},
   volume={135},
   number={3},
   pages={370--384},
   year={1972},
   publisher={Wiley Online Library}
}

@article{Leng2013,
  title={Combining active learning and semi-supervised learning to construct SVM classifier},
  author={Leng, Yan and Xu, Xinyan and Qi, Guanghui},
  journal={Knowledge-Based Systems},
  volume={44},
  pages={121--131},
  year={2013},
  publisher={Elsevier}
}

@article{Cover1967,
   author = {Cover, T and Hart, P},
   isbn = {0018-9448},
   issn = {0018-9448},
   journal = {IEEE Transactions on Information Theory},
   number = {1},
   pages = {21--27},
   pmid = {21919855},
   title = {{Nearest neighbor pattern classification}},
   volume = {13},
   year = {1967},
}

@inproceedings{Ho1995,
   author = {Ho, Tin Kam},
   title = {Random Decision Forests},
   year = {1995},
   isbn = {0818671289},
   publisher = {IEEE Computer Society},
   address = {USA},
   booktitle = {Proceedings of the Third International Conference on Document Analysis and Recognition (Volume 1) - Volume 1},
   pages = {278},
   numpages = {1},
   keywords = {suboptimal accuracy, handwritten digits, decision trees, random decision forests, generalization accuracy, complexity, decision theory, optical character recognition, tree-based classifiers, stochastic modeling, handwriting recognition},
   series = {ICDAR '95}
}

@book{Wu1975,
   title={The decision tree approach to classification.},
   author={Wu, Chialin},
   year={1975},
   publisher={Purdue University}
}

@article{Fonseca2021,
   author = {Fonseca, Joao and Douzas, Georgios and Bacao, Fernando},
   journal = {Remote Sensing 2021, Vol. 13, Page 2619},
   keywords = {SMOTE,active learning,artificial data generation,land use/land cover classification,oversampling},
   month = {jul},
   number = {13},
   pages = {2619},
   publisher = {Multidisciplinary Digital Publishing Institute},
   title = {{Increasing the Effectiveness of Active Learning: Introducing Artificial Data Generation in Active Learning for Land Use/Land Cover Classification}},
   volume = {13},
   year = {2021}
}

@inproceedings{Fatourechi2008,
   title={Comparison of evaluation metrics in classification applications with imbalanced datasets},
   author={Fatourechi, Mehrdad and Ward, Rabab K and Mason, Steven G and Huggins, Jane and Schloegl, Alois and Birch, Gary E},
   booktitle={2008 seventh international conference on machine learning and applications},
   pages={777--782},
   year={2008},
   organization={IEEE}
}

@inproceedings{Jeni2013,
   author = {Jeni, L{\'{a}}szl{\'{o}} A. and Cohn, Jeffrey F. and {De La Torre}, Fernando},
   booktitle = {Proceedings - 2013 Humaine Association Conference on Affective Computing and Intelligent Interaction, ACII 2013},
   isbn = {9780769550480},
   keywords = {Action unit detection,Imbalanced data,Performance metrics,Skew normalization},
   pages = {245--251},
   title = {{Facing imbalanced data - Recommendations for the use of performance metrics}},
   year = {2013}
}

@inproceedings{Kubat1997,
   title={Addressing the curse of imbalanced training sets: one-sided selection},
   author={Kubat, Miroslav and Matwin, Stan and others},
   booktitle={Icml},
   volume={97},
   pages={179--186},
   year={1997},
   organization={Citeseer}
}

@inproceedings{Kottke2017,
   author = {Kottke, Daniel and Calma, Adrian and Huseljic, Denis and Krempl, Georg and Sick, Bernhard},
   booktitle = {CEUR Workshop Proceedings},
   issn = {16130073},
   keywords = {Active learning,Classification,Data mining,Evaluation,Semi-supervised learning},
   mendeley-groups = {Active Learning},
   month = {sep},
   pages = {2--14},
   title = {{Challenges of reliable, realistic and comparable active learning evaluation}},
   volume = {1924},
   year = {2017}
}

@article{Reitmaier2013,
   author = {Tobias Reitmaier and Bernhard Sick},
   issn = {0020-0255},
   journal = {Information Sciences},
   keywords = {4DS strategy,Active learning,Classification,Generative modeling,Selection strategy},
   month = {5},
   pages = {106-131},
   publisher = {Elsevier},
   title = {Let us know your decision: Pool-based active training of a generative classifier with the selection strategy 4DS},
   volume = {230},
   year = {2013},
}

@article{Kagy2019,
   author = {Jean-François Kagy and Tolga Kayadelen and Ji Ma and Afshin Rostamizadeh and Jana Strnadova},
   month = {6},
   title = {The Practical Challenges of Active Learning: Lessons Learned from Live Experimentation},
   journal={arXiv preprint arXiv:1907.00038},
   year = {2019},
}

@article{Demsar2006,
   author = {Janez Demšar},
   journal = {Journal of Machine Learning Research},
   keywords = {Friedman test,Wilcoxon signed ranks test,comparative studies,multiple comparisons tests,statistical methods},
   pages = {1-30},
   title = {Statistical Comparisons of Classifiers over Multiple Data Sets},
   volume = {7},
   year = {2006},
}

@article{Holm1979,
   title={A simple sequentially rejective multiple test procedure},
   author={Holm, Sture},
   journal={Scandinavian journal of statistics},
   pages={65--70},
   year={1979},
   publisher={JSTOR}
}

@article{Friedman1937,
   title={The use of ranks to avoid the assumption of normality implicit in the analysis of variance},
   author={Friedman, Milton},
   journal={Journal of the american statistical association},
   volume={32},
   number={200},
   pages={675--701},
   year={1937},
   publisher={Taylor \& Francis}
}

@article{Wilcoxon1945,
   author = {Wilcoxon, Frank},
   issn = {00994987},
   journal = {Biometrics Bulletin},
   month = {dec},
   number = {6},
   pages = {80},
   publisher = {JSTOR},
   title = {{Individual Comparisons by Ranking Methods}},
   volume = {1},
   year = {1945}
}

@article{Cao2020,
   author = {Xiangyong Cao and Jing Yao and Zongben Xu and Deyu Meng},
   issue = {7},
   journal = {IEEE Transactions on Geoscience and Remote Sensing},
   keywords = {Active learning (AL),Markov random field (MRF),convolutional neural network (CNN),deep learning,hyperspectral image (HSI) classification},
   month = {7},
   pages = {4604-4616},
   publisher = {Institute of Electrical and Electronics Engineers Inc.},
   title = {Hyperspectral Image Classification with Convolutional Neural Network and Active Learning},
   volume = {58},
   year = {2020},
}

@article{Shrivastava2021,
   author = {Vimal K. Shrivastava and Monoj K. Pradhan},
   issn = {18609503},
   journal = {Studies in Computational Intelligence},
   keywords = {Active Learning,Classification,Extreme Learning Machine,Hyperspectral Remote Sensing Image,Query Strategy,Support Vector Machine},
   pages = {133-152},
   publisher = {Springer},
   title = {Hyperspectral Remote Sensing Image Classification Using Active Learning},
   volume = {907},
   year = {2021},
}

@article{Su2020,
   author = {Tengfei Su and Shengwei Zhang and Tingxi Liu},
   issn = {20724292},
   issue = {3},
   journal = {Remote Sensing},
   keywords = {Active learning,Feature category,Object-based image analysis,Random forest},
   month = {2},
   pages = {504},
   publisher = {MDPI AG},
   title = {Multi-spectral image classification based on an object-based active learning approach},
   volume = {12},
   year = {2020},
}

@article{Sverchkov2017,
   author = {Yuriy Sverchkov and Mark Craven},
   editor = {Haiyan Huang},
   issn = {15537358},
   issue = {6},
   journal = {PLoS Computational Biology},
   keywords = {Entropy,Experimental design,Gene expression,Gene regulation,Genetic networks,Machine learning,Protein interaction networks,Transcription factors},
   month = {6},
   pages = {e1005466},
   pmid = {28570593},
   publisher = {Public Library of Science},
   title = {A review of active learning approaches to experimental design for uncovering biological networks},
   volume = {13},
   year = {2017},
}

@inproceedings{Yoo2019,
  title={Learning loss for active learning},
  author={Yoo, Donggeun and Kweon, In So},
  booktitle={Proceedings of the IEEE/CVF Conference on Computer Vision and Pattern Recognition},
  pages={93--102},
  year={2019}
}


@inproceedings{Settles2011,
   title={From theories to queries: Active learning in practice},
   author={Settles, Burr},
   booktitle={Active Learning and Experimental Design workshop In conjunction with AISTATS 2010},
   pages={1--18},
   year={2011},
   organization={JMLR Workshop and Conference Proceedings}
}

@article{Rosario2020,
   author = {Zachary del Rosario and Matthias Rupp and Yoolhee Kim and Erin Antono and Julia Ling},
   issn = {0021-9606},
   issue = {2},
   journal = {The Journal of Chemical Physics},
   month = {7},
   pages = {024112},
   publisher = {AIP Publishing LLCAIP Publishing},
   title = {Assessing the frontier: Active learning, model accuracy, and multi-objective candidate discovery and optimization},
   volume = {153},
   year = {2020},
}

@article{Kumar2020,
   author = {Punit Kumar and Atul Gupta},
   issn = {1860-4749},
   issue = {4},
   journal = {Journal of Computer Science and Technology 2020 35:4},
   keywords = {Artificial Intelligence,Computer Science,Data Structures and Information Theory,Information Systems Applications (incl.Internet),Software Engineering,Theory of Computation,general},
   month = {7},
   pages = {913-945},
   publisher = {Springer},
   title = {Active Learning Query Strategies for Classification, Regression, and Clustering: A Survey},
   volume = {35},
   year = {2020},
}

@article{Fu2013,
   title={A survey on instance selection for active learning},
   author={Fu, Yifan and Zhu, Xingquan and Li, Bin},
   journal={Knowledge and information systems},
   volume={35},
   number={2},
   pages={249--283},
   year={2013},
   publisher={Springer}
}

@article{Huang2014,
   author = {Sheng Jun Huang and Rong Jin and Zhi Hua Zhou},
   issn = {01628828},
   issue = {10},
   journal = {IEEE Transactions on Pattern Analysis and Machine Intelligence},
   keywords = {Active learning,informativeness,learning with unlabeled data,multi-label learning,representativeness},
   month = {10},
   pages = {1936-1949},
   publisher = {IEEE Computer Society},
   title = {Active Learning by Querying Informative and Representative Examples},
   volume = {36},
   year = {2014},
}

@article{Li2012,
   author = {Xiao Li and Da Kuang and Charles X. Ling},
   isbn = {9783642302169},
   issn = {03029743},
   issue = {PART 1},
   journal = {Lecture Notes in Computer Science (including subseries Lecture Notes in Artificial Intelligence and Lecture Notes in Bioinformatics)},
   pages = {14-25},
   publisher = {Springer, Berlin, Heidelberg},
   title = {Active Learning for Hierarchical Text Classification},
   volume = {7301 LNAI},
   year = {2012},
}

@article{Ienco2013,
   author = {Dino Ienco and Albert Bifet and Indre Žliobaite and Bernhard Pfahringer},
   isbn = {9783642408960},
   issn = {16113349},
   journal = {Lecture Notes in Computer Science (including subseries Lecture Notes in Artificial Intelligence and Lecture Notes in Bioinformatics)},
   pages = {79-93},
   publisher = {Springer, Berlin, Heidelberg},
   title = {Clustering Based Active Learning for Evolving Data Streams},
   volume = {8140 LNAI},
   year = {2013},
}

@inproceedings{Brinker2003,
   title={Incorporating diversity in active learning with support vector machines},
   author={Brinker, Klaus},
   booktitle={Proceedings of the 20th international conference on machine learning (ICML-03)},
   pages={59--66},
   year={2003}
}

@inproceedings{Jia2019,
   title={Graph-based semi-supervised \& active learning for edge flows},
   author={Jia, Junteng and Schaub, Michael T and Segarra, Santiago and Benson, Austin R},
   booktitle={Proceedings of the 25th ACM SIGKDD International Conference on Knowledge Discovery \& Data Mining},
   pages={761--771},
   year={2019}
}

@article{Samat2016,
   author = {Alim Samat and Paolo Gamba and Sicong Liu and Peijun Du and Jilili Abuduwaili},
   issn = {01962892},
   issue = {11},
   journal = {IEEE Transactions on Geoscience and Remote Sensing},
   keywords = {Active learning (AL),Delaunay triangulation nets (DTNs),image classification,informative sampling,manifold learning,structure representative sampling,support vector machine},
   month = {11},
   pages = {6803-6817},
   publisher = {Institute of Electrical and Electronics Engineers Inc.},
   title = {Jointly Informative and Manifold Structure Representative Sampling Based Active Learning for Remote Sensing Image Classification},
   volume = {54},
   year = {2016},
}

@inproceedings{Lewis1994,
   title={A sequential algorithm for training text classifiers},
   author={Lewis, David D and Gale, William A},
   booktitle={SIGIR’94},
   pages={3--12},
   year={1994},
   organization={Springer}
}

@article{Luo2005,
   title={Active learning to recognize multiple types of plankton.},
   author={Luo, Tong and Kramer, Kurt and Goldgof, Dmitry B and Hall, Lawrence O and Samson, Scott and Remsen, Andrew and Hopkins, Thomas and Cohn, David},
   journal={Journal of Machine Learning Research},
   volume={6},
   number={4},
   year={2005}
}

@article{Liu2018,
   title={A novel object-based supervised classification method with active learning and random forest for PolSAR imagery},
   author={Liu, Wensong and Yang, Jie and Li, Pingxiang and Han, Yue and Zhao, Jinqi and Shi, Hongtao},
   journal={Remote Sensing},
   volume={10},
   number={7},
   pages={1092},
   year={2018},
   publisher={Multidisciplinary Digital Publishing Institute}
}

@article{Li2012a,
   title={Spectral--spatial classification of hyperspectral data using loopy belief propagation and active learning},
   author={Li, Jun and Bioucas-Dias, Jos{\'e} M and Plaza, Antonio},
   journal={IEEE Transactions on Geoscience and remote sensing},
   volume={51},
   number={2},
   pages={844--856},
   year={2012},
   publisher={IEEE}
}

@article{Shannon1948,
   title={A mathematical theory of communication},
   author={Shannon, Claude Elwood},
   journal={The Bell system technical journal},
   volume={27},
   number={3},
   pages={379--423},
   year={1948},
   publisher={Nokia Bell Labs}
}

@inproceedings{Aghdam2019,
   author = {Hamed H Aghdam and Abel Gonzalez-Garcia and Antonio Lopez and Joost Weijer},
   isbn = {9781728148038},
   issn = {15505499},
   booktitle = {Proceedings of the IEEE International Conference on Computer Vision},
   pages = {3671-3679},
   title = {Active learning for deep detection neural networks},
   volume = {2019-Octob},
   year = {2019},
}

@article{Abe1998,
  title={Query learning strategies using boosting and bagging},
  author={Abe, Naoki},
  journal={Proc. of $15^{th}$ Int. Cmf. on Machine Learning (ICML98)},
  pages={1--9},
  year={1998}
}

@article{Tuia2009,
   author = {Devis Tuia and Frdric Ratle and Fabio Pacifici and Mikhail F. Kanevski and William J. Emery},
   issn = {01962892},
   issue = {7},
   journal = {IEEE Transactions on Geoscience and Remote Sensing},
   keywords = {Active learning,Entropy,Hyperspectral imagery,Image information mining,Margin sampling (MS),Query learning,Support vector machines (SVMs),Very high resolution (VHR) imagery},
   month = {7},
   pages = {2218-2232},
   title = {Active learning methods for remote sensing image classification},
   volume = {47},
   year = {2009},
}

@inproceedings{Melville2004,
  title={Diverse ensembles for active learning},
  author={Melville, Prem and Mooney, Raymond J},
  booktitle={Proceedings of the twenty-first international conference on Machine learning},
  pages={74},
  year={2004}
}

@article{Bloodgood2018,
   author = {Michael Bloodgood},
   isbn = {9781538644072},
   journal = {Proceedings - 12th IEEE International Conference on Semantic Computing, ICSC 2018},
   keywords = {active learning,batch sizes,stopping methods,text classification,window sizes},
   month = {4},
   pages = {148-155},
   publisher = {Institute of Electrical and Electronics Engineers Inc.},
   title = {Support Vector Machine Active Learning Algorithms with Query-by-Committee Versus Closest-to-Hyperplane Selection},
   volume = {2018-January},
   year = {2018},
}

@inproceedings{Campbell2000,
  title={Query learning with large margin classifiers},
  author={Campbell, Colin and Cristianini, Nello and Smola, Alex and others},
  booktitle={ICML},
  volume={20},
  number={0},
  pages={0},
  year={2000}
}

@article{Qin2021,
  title={Active learning with extreme learning machine for online imbalanced multiclass classification},
  author={Qin, Jiongming and Wang, Cong and Zou, Qinhong and Sun, Yubin and Chen, Bin},
  journal={Knowledge-Based Systems},
  volume={231},
  pages={107385},
  year={2021},
  publisher={Elsevier}
}

@article{Zhou2014,
   author = {Jin Zhou and Shiliang Sun},
   isbn = {9783662456453},
   issn = {18650937},
   journal = {Communications in Computer and Information Science},
   keywords = {Active learning,Manifold-preserving graph reduction,Margin sampling,Support vector machine},
   month = {11},
   pages = {120-129},
   publisher = {Springer, Berlin, Heidelberg},
   title = {Improved Margin Sampling for Active Learning},
   volume = {483},
   year = {2014},
}

@inproceedings{DeVries2017,
   author = {Terrance DeVries and Graham W. Taylor},
   booktitle = {5th International Conference on Learning Representations, ICLR 2017 - Workshop Track Proceedings},
   month = {2},
   publisher = {International Conference on Learning Representations, ICLR},
   title = {Dataset augmentation in feature space},
   year = {2017},
}

@article{Shorten2019,
  title={A survey on image data augmentation for deep learning},
  author={Shorten, Connor and Khoshgoftaar, Taghi M},
  journal={Journal of Big Data},
  volume={6},
  number={1},
  pages={1--48},
  year={2019},
  publisher={Springer}
}


@inproceedings{Kashefi2020,
    title = "Quantifying the Evaluation of Heuristic Methods for Textual Data Augmentation",
    author = "Kashefi, Omid  and
      Hwa, Rebecca",
    booktitle = "Proceedings of the Sixth Workshop on Noisy User-generated Text (W-NUT 2020)",
    month = nov,
    year = "2020",
    address = "Online",
    publisher = "Association for Computational Linguistics",
    pages = "200--208",
}

@article{Behpour2019,
   author = {Sima Behpour and Kris M. Kitani and Brian D. Ziebart},
   isbn = {9781728119755},
   journal = {Proceedings - 2019 IEEE Winter Conference on Applications of Computer Vision, WACV 2019},
   month = {3},
   pages = {1243-1252},
   publisher = {Institute of Electrical and Electronics Engineers Inc.},
   title = {ADA: Adversarial data augmentation for object detection},
   year = {2019},
}

@inproceedings{Zhong2020,
  title={Random erasing data augmentation},
  author={Zhong, Zhun and Zheng, Liang and Kang, Guoliang and Li, Shaozi and Yang, Yi},
  booktitle={Proceedings of the AAAI Conference on Artificial Intelligence},
  volume={34},
  number={07},
  pages={13001--13008},
  year={2020}
}

@article{Iwana2021,
  title={An empirical survey of data augmentation for time series classification with neural networks},
  author={Iwana, Brian Kenji and Uchida, Seiichi},
  journal={Plos one},
  volume={16},
  number={7},
  pages={e0254841},
  year={2021},
  publisher={Public Library of Science San Francisco, CA USA}
}

@inproceedings{Wong2016,
  title={Understanding data augmentation for classification: when to warp?},
  author={Wong, Sebastien C and Gatt, Adam and Stamatescu, Victor and McDonnell, Mark D},
  booktitle={2016 international conference on digital image computing: techniques and applications (DICTA)},
  pages={1--6},
  year={2016},
  organization={IEEE}
}


@article{Chawla2002,
   author = {Nitesh V. Chawla and Kevin W. Bowyer and Lawrence O. Hall and W. Philip Kegelmeyer},
   issn = {10769757},
   journal = {Journal of Artificial Intelligence Research},
   month = {6},
   pages = {321-357},
   title = {SMOTE: Synthetic minority over-sampling technique},
   volume = {16},
   year = {2002},
}

@inproceedings{Han2005,
   author = {Hui Han and Wen-Yuan Wang and Bing-Huan Mao},
   booktitle = {International Conference on Intelligent Computing},
   pages = {878-887},
   publisher = {Springer, Berlin, Heidelberg},
   title = {Borderline-SMOTE: A New Over-Sampling Method in Imbalanced Data Sets Learning},
   year = {2005},
}

@article{Douzas2018,
   author = {Georgios Douzas and Fernando Bacao and Felix Last},
   issn = {00200255},
   journal = {Information Sciences},
   keywords = {Class-imbalanced learning,Classification,Clustering,Oversampling,Supervised learning,Within-class imbalance},
   month = {10},
   pages = {1-20},
   publisher = {Elsevier Inc.},
   title = {Improving imbalanced learning through a heuristic oversampling method based on k-means and SMOTE},
   volume = {465},
   year = {2018},
}

@article{Fonseca2021ksmote,
  title={Improving Imbalanced Land Cover Classification with K-Means SMOTE: Detecting and Oversampling Distinctive Minority Spectral Signatures},
  author={Fonseca, Joao and Douzas, Georgios and Bacao, Fernando},
  journal={Information},
  volume={12},
  number={7},
  pages={266},
  year={2021},
  publisher={Multidisciplinary Digital Publishing Institute}
}

@article{Douzas2019imbalanced,
  title={Imbalanced Learning in Land Cover Classification: Improving Minority Classes’ Prediction Accuracy Using the Geometric SMOTE Algorithm},
  author={Douzas, Georgios and Bacao, Fernando and Fonseca, Joao and Khudinyan, Manvel},
  journal={Remote Sensing},
  volume={11},
  number={24},
  pages={3040},
  year={2019},
  publisher={Multidisciplinary Digital Publishing Institute}
}

@article{Simeoni2020,
   author = {Oriane Siméoni and Mateusz Budnik and Yannis Avrithis and Guillaume Gravier},
   isbn = {9781728188089},
   issn = {10514651},
   journal = {Proceedings - International Conference on Pattern Recognition},
   pages = {1220-1227},
   publisher = {Institute of Electrical and Electronics Engineers Inc.},
   title = {Rethinking deep active learning: Using unlabeled data at model training},
   year = {2020},
}

@article{Yu2019,
   author = {Hualong Yu and Xibei Yang and Shang Zheng and Changyin Sun},
   issn = {21622388},
   issue = {4},
   journal = {IEEE Transactions on Neural Networks and Learning Systems},
   keywords = {Active learning,class imbalance,cost-sensitive learning,extreme learning machine (ELM),online learning,stopping criterion},
   month = {4},
   pages = {1088-1103},
   pmid = {30137013},
   publisher = {Institute of Electrical and Electronics Engineers Inc.},
   title = {Active Learning from Imbalanced Data: A Solution of Online Weighted Extreme Learning Machine},
   volume = {30},
   year = {2019},
}

@article{Li2021,  
   author={Li, Yayong and Yin, Jie and Chen, Ling},  
   journal={IEEE Transactions on Neural Networks and Learning Systems},   
   title={SEAL: Semisupervised Adversarial Active Learning on Attributed Graphs},   
   year={2021},
   volume={32},  
   number={7},  
   pages={3136-3147},  
}

@article{Nath2021,
   author={Nath, Vishwesh and Yang, Dong and Landman, Bennett A. and Xu, Daguang and Roth, Holger R.},
   journal={IEEE Transactions on Medical Imaging}, 
   title={Diminishing Uncertainty Within the Training Pool: Active Learning for Medical Image Segmentation}, 
   year={2021},
   volume={40},
   number={10},
   pages={2534-2547},
}

@article{Van2020,
  title={A survey on semi-supervised learning},
  author={Van Engelen, Jesper E and Hoos, Holger H},
  journal={Machine Learning},
  volume={109},
  number={2},
  pages={373--440},
  year={2020},
  publisher={Springer}
}

@inproceedings{Sener2018,
  title={Active Learning for Convolutional Neural Networks: A Core-Set Approach},
  author={Sener, Ozan and Savarese, Silvio},
  booktitle={International Conference on Learning Representations},
  year={2018}
}

@article{Zong2013,
  title={Weighted extreme learning machine for imbalance learning},
  author={Zong, Weiwei and Huang, Guang-Bin and Chen, Yiqiang},
  journal={Neurocomputing},
  volume={101},
  pages={229--242},
  year={2013},
  publisher={Elsevier}
}

@article{Liu2021,
  title={A comprehensive active learning method for multiclass imbalanced data streams with concept drift},
  author={Liu, Weike and Zhang, Hang and Ding, Zhaoyun and Liu, Qingbao and Zhu, Cheng},
  journal={Knowledge-Based Systems},
  volume={215},
  pages={106778},
  year={2021},
  publisher={Elsevier}
}

@article{Kim2021,
  title={LADA: Look-Ahead Data Acquisition via Augmentation for Deep Active Learning},
  author={Kim, Yoon-Yeong and Song, Kyungwoo and Jang, JoonHo and Moon, Il-chul},
  journal={Advances in Neural Information Processing Systems},
  volume={34},
  year={2021}
}

@article{Ren2020,
  title={A survey of deep active learning},
  author={Ren, Pengzhen and Xiao, Yun and Chang, Xiaojun and Huang, Po-Yao and Li, Zhihui and Chen, Xiaojiang and Wang, Xin},
  journal={arXiv preprint arXiv:2009.00236},
  year={2020}
}

@article{fonseca2021improving,
  title={Improving imbalanced land cover classification with K-Means SMOTE: Detecting and oversampling distinctive minority spectral signatures},
  author={Fonseca, Joao and Douzas, Georgios and Bacao, Fernando},
  journal={Information},
  volume={12},
  number={7},
  pages={266},
  year={2021},
  publisher={Multidisciplinary Digital Publishing Institute}
}

@article{Li2020,
  title={A label-noise robust active learning sample collection method for multi-temporal urban land-cover classification and change analysis},
  author={Li, Jiayi and Huang, Xin and Chang, Xiaoyu},
  journal={ISPRS Journal of Photogrammetry and Remote Sensing},
  volume={163},
  pages={1--17},
  year={2020},
  publisher={Elsevier}
}

@article{Tharwat2020,
  title={Balancing Exploration and Exploitation: A novel active learner for imbalanced data},
  author={Tharwat, Alaa and Schenck, Wolfram},
  journal={Knowledge-Based Systems},
  volume={210},
  pages={106500},
  year={2020},
  publisher={Elsevier}
}

@inproceedings{Nguyen2004,
  title={Active learning using pre-clustering},
  author={Nguyen, Hieu T and Smeulders, Arnold},
  booktitle={Proceedings of the twenty-first international conference on Machine learning},
  pages={79},
  year={2004}
}

@inproceedings{Quteineh2020,
  title={Textual Data Augmentation for Efficient Active Learning on Tiny Datasets},
  author={Quteineh, Husam and Samothrakis, Spyridon and Sutcliffe, Richard},
  booktitle={Proceedings of the 2020 Conference on Empirical Methods in Natural Language Processing (EMNLP)},
  pages={7400--7410},
  year={2020}
}

@inproceedings{Li2021framework,
  title={A Framework of Data Augmentation While Active Learning for Chinese Named Entity Recognition},
  author={Li, Qingqing and Huang, Zhen and Dou, Yong and Zhang, Ziwen},
  booktitle={International Conference on Knowledge Science, Engineering and Management},
  pages={88--100},
  year={2021},
  organization={Springer}
}

@inproceedings{Ma2020,
  title={Combining Active Learning and Data Augmentation for Image Classification},
  author={Ma, Yu and Lu, Shaoxing and Xu, Erya and Yu, Tian and Zhou, Lijian},
  booktitle={Proceedings of the 2020 3rd International Conference on Big Data Technologies},
  pages={58--62},
  year={2020}
}

@article{Ren2021,
  title={A survey of deep active learning},
  author={Ren, Pengzhen and Xiao, Yun and Chang, Xiaojun and Huang, Po-Yao and Li, Zhihui and Gupta, Brij B and Chen, Xiaojiang and Wang, Xin},
  journal={ACM Computing Surveys (CSUR)},
  volume={54},
  number={9},
  pages={1--40},
  year={2021},
  publisher={ACM New York, NY}
}

@inproceedings{katz2021improved,
  title={Improved algorithms for agnostic pool-based active classification},
  author={Katz-Samuels, Julian and Zhang, Jifan and Jain, Lalit and Jamieson, Kevin},
  booktitle={International Conference on Machine Learning},
  pages={5334--5344},
  year={2021},
  organization={PMLR}
}

@inproceedings{jaderberg2015spatial,
  title={Spatial transformer networks},
  author={Jaderberg, Max and Simonyan, Karen and Zisserman, Andrew and Kavukcuoglu, Koray},
  booktitle={Proceedings of the 28th International Conference on Neural Information Processing Systems-Volume 2},
  pages={2017--2025},
  year={2015}
}

@inproceedings{sinha2019variational,
  title={Variational adversarial active learning},
  author={Sinha, Samarth and Ebrahimi, Sayna and Darrell, Trevor},
  booktitle={Proceedings of the IEEE/CVF International Conference on Computer Vision},
  pages={5972--5981},
  year={2019}
}

@inproceedings{kim2021task,
  title={Task-aware variational adversarial active learning},
  author={Kim, Kwanyoung and Park, Dongwon and Kim, Kwang In and Chun, Se Young},
  booktitle={Proceedings of the IEEE/CVF Conference on Computer Vision and Pattern Recognition},
  pages={8166--8175},
  year={2021}
}

@inproceedings{tran2019bayesian,
  title={Bayesian generative active deep learning},
  author={Tran, Toan and Do, Thanh-Toan and Reid, Ian and Carneiro, Gustavo},
  booktitle={International Conference on Machine Learning},
  pages={6295--6304},
  year={2019},
  organization={PMLR}
}

@article{hospedales2011finding,
  title={Finding rare classes: Active learning with generative and discriminative models},
  author={Hospedales, Timothy M and Gong, Shaogang and Xiang, Tao},
  journal={IEEE transactions on knowledge and data engineering},
  volume={25},
  number={2},
  pages={374--386},
  year={2011},
  publisher={IEEE}
}

@article{he2009learning,
  title={Learning from imbalanced data},
  author={He, Haibo and Garcia, Edwardo A},
  journal={IEEE Transactions on knowledge and data engineering},
  volume={21},
  number={9},
  pages={1263--1284},
  year={2009},
  publisher={Ieee}
}

@article{zhang2020reinforcement,
  title={Reinforcement online active learning ensemble for drifting imbalanced data streams},
  author={Zhang, Hang and Liu, Weike and Liu, Qingbao},
  journal={IEEE Transactions on Knowledge and Data Engineering},
  year={2020},
  publisher={IEEE}
}

@article{li2022boosting,
  title={Boosting training for PDF malware classifier via active learning},
  author={Li, Yuanzhang and Wang, Xinxin and Shi, Zhiwei and Zhang, Ruyun and Xue, Jingfeng and Wang, Zhi},
  journal={International Journal of Intelligent Systems},
  volume={37},
  number={4},
  pages={2803--2821},
  year={2022},
  publisher={Wiley Online Library}
}

@article{li2020label,
  title={A label-noise robust active learning sample collection method for multi-temporal urban land-cover classification and change analysis},
  author={Li, Jiayi and Huang, Xin and Chang, Xiaoyu},
  journal={ISPRS Journal of Photogrammetry and Remote Sensing},
  volume={163},
  pages={1--17},
  year={2020},
  publisher={Elsevier}
}

@article{su2021cost,
  title={Cost-effective multi-instance multilabel active learning},
  author={Su, Cong and Yan, Zhongmin and Yu, Guoxian},
  journal={International Journal of Intelligent Systems},
  volume={36},
  number={12},
  pages={7177--7203},
  year={2021},
  publisher={Wiley Online Library}
}
