@article{Chawla2002, 
    author = {Chawla, N. V. and Bowyer, K. W. and Hall, L. O. and Kegelmeyer, W. P.}, 
    doi = {10.1613/jair.953},
    issn = {1076-9757}, 
    journal = {Journal of Artificial Intelligence Research},
    month = {jun}, 
    pages = {321--357},
    title = {{SMOTE: Synthetic Minority Over-sampling Technique}}, 
    url = {https://jair.org/index.php/jair/article/view/10302},
    volume = {16}, 
    year = {2002}
}

@article{fonseca2021increasing,
  title={Increasing the Effectiveness of Active Learning: Introducing Artificial Data Generation in Active Learning for Land Use/Land Cover Classification},
  author={Fonseca, Joao and Douzas, Georgios and Bacao, Fernando},
  journal={Remote Sensing},
  volume={13},
  number={13},
  pages={2619},
  year={2021},
  publisher={Multidisciplinary Digital Publishing Institute}
}

@article{JMLR:v18:16-365,
  author  = {Guillaume  Lema{{\^i}}tre and Fernando Nogueira and Christos K. Aridas},
  title   = {Imbalanced-learn: A Python Toolbox to Tackle the Curse of Imbalanced Datasets in Machine Learning},
  journal = {Journal of Machine Learning Research},
  year    = {2017},
  volume  = {18},
  number  = {17},
  pages   = {1-5},
  url     = {http://jmlr.org/papers/v18/16-365}
}

@article{scikit-learn,
  title={Scikit-learn: Machine Learning in {P}ython},
  author={Pedregosa, F. and Varoquaux, G. and Gramfort, A. and Michel, V.
          and Thirion, B. and Grisel, O. and Blondel, M. and Prettenhofer, P.
          and Weiss, R. and Dubourg, V. and Vanderplas, J. and Passos, A. and
          Cournapeau, D. and Brucher, M. and Perrot, M. and Duchesnay, E.},
  journal={Journal of Machine Learning Research},
  volume={12},
  pages={2825--2830},
  year={2011}
}

@incollection{rout2018handling,
  title={Handling imbalanced data: a survey},
  author={Rout, Neelam and Mishra, Debahuti and Mallick, Manas Kumar},
  booktitle={International proceedings on advances in soft computing, intelligent systems and applications},
  pages={431--443},
  year={2018},
  publisher={Springer}
}

@inproceedings{jeni2013facing,
  title={Facing imbalanced data--recommendations for the use of performance metrics},
  author={Jeni, L{\'a}szl{\'o} A and Cohn, Jeffrey F and De La Torre, Fernando},
  booktitle={2013 Humaine association conference on affective computing and intelligent interaction},
  pages={245--251},
  year={2013},
  organization={IEEE}
}

@article{friedman1937use,
  title={The use of ranks to avoid the assumption of normality implicit in the analysis of variance},
  author={Friedman, Milton},
  journal={Journal of the american statistical association},
  volume={32},
  number={200},
  pages={675--701},
  year={1937},
  publisher={Taylor \& Francis}
}

@article{Demsar2006,
   author = {Janez Demšar},
   journal = {Journal of Machine Learning Research},
   keywords = {Friedman test,Wilcoxon signed ranks test,comparative studies,multiple comparisons tests,statistical methods},
   pages = {1-30},
   title = {Statistical Comparisons of Classifiers over Multiple Data Sets},
   volume = {7},
   year = {2006},
}

@article{mukherjee2021smote,
  title={SMOTE-ENC: A novel SMOTE-based method to generate synthetic data for nominal and continuous features},
  author={Mukherjee, Mimi and Khushi, Matloob},
  journal={Applied System Innovation},
  volume={4},
  number={1},
  pages={18},
  year={2021},
  publisher={Multidisciplinary Digital Publishing Institute}
}

@inproceedings{han2005borderline,
  title={Borderline-SMOTE: a new over-sampling method in imbalanced data sets learning},
  author={Han, Hui and Wang, Wen-Yuan and Mao, Bing-Huan},
  booktitle={International conference on intelligent computing},
  pages={878--887},
  year={2005},
  organization={Springer}
}

@inproceedings{he2008adasyn,
  title={ADASYN: Adaptive synthetic sampling approach for imbalanced learning},
  author={He, Haibo and Bai, Yang and Garcia, Edwardo A and Li, Shutao},
  booktitle={2008 IEEE international joint conference on neural networks (IEEE world congress on computational intelligence)},
  pages={1322--1328},
  year={2008},
  organization={IEEE}
}

@article{douzas2018improving,
  title={Improving imbalanced learning through a heuristic oversampling method based on k-means and SMOTE},
  author={Douzas, Georgios and Bacao, Fernando and Last, Felix},
  journal={Information Sciences},
  volume={465},
  pages={1--20},
  year={2018},
  publisher={Elsevier}
}

@article{fonseca2021improving,
  title={Improving imbalanced land cover classification with K-Means SMOTE: Detecting and oversampling distinctive minority spectral signatures},
  author={Fonseca, Joao and Douzas, Georgios and Bacao, Fernando},
  journal={Information},
  volume={12},
  number={7},
  pages={266},
  year={2021},
  publisher={MDPI}
}

@article{douzas2019geometric,
  title={Geometric SMOTE a geometrically enhanced drop-in replacement for SMOTE},
  author={Douzas, Georgios and Bacao, Fernando},
  journal={Information Sciences},
  volume={501},
  pages={118--135},
  year={2019},
  publisher={Elsevier}
}

@article{engelmann2021conditional,
  title={Conditional Wasserstein GAN-based oversampling of tabular data for imbalanced learning},
  author={Engelmann, Justin and Lessmann, Stefan},
  journal={Expert Systems with Applications},
  volume={174},
  pages={114582},
  year={2021},
  publisher={Elsevier}
}

@article{douzas2019imbalanced,
  title={Imbalanced learning in land cover classification: Improving minority classes’ prediction accuracy using the geometric SMOTE algorithm},
  author={Douzas, Georgios and Bacao, Fernando and Fonseca, Joao and Khudinyan, Manvel},
  journal={Remote Sensing},
  volume={11},
  number={24},
  pages={3040},
  year={2019},
  publisher={MDPI}
}

@article{liang2020lr,
  title={LR-SMOTE—An improved unbalanced data set oversampling based on K-means and SVM},
  author={Liang, XW and Jiang, AP and Li, T and Xue, YY and Wang, GT},
  journal={Knowledge-Based Systems},
  volume={196},
  pages={105845},
  year={2020},
  publisher={Elsevier}
}

@article{park2021combined,
  title={Combined oversampling and undersampling method based on slow-start algorithm for imbalanced network traffic},
  author={Park, Seunghyun and Park, Hyunhee},
  journal={Computing},
  volume={103},
  number={3},
  pages={401--424},
  year={2021},
  publisher={Springer}
}

@article{batista2004study,
  title={A study of the behavior of several methods for balancing machine learning training data},
  author={Batista, Gustavo EAPA and Prati, Ronaldo C and Monard, Maria Carolina},
  journal={ACM SIGKDD explorations newsletter},
  volume={6},
  number={1},
  pages={20--29},
  year={2004},
  publisher={ACM New York, NY, USA}
}

@inproceedings{bansal2021analysis,
  title={Analysis of Focussed Under-Sampling Techniques with Machine Learning Classifiers},
  author={Bansal, Ankita and Jain, Abha},
  booktitle={2021 IEEE/ACIS 19th International Conference on Software Engineering Research, Management and Applications (SERA)},
  pages={91--96},
  year={2021},
  organization={IEEE}
}

@article{douzas2021g,
  title={G-SOMO: An oversampling approach based on self-organized maps and geometric SMOTE},
  author={Douzas, Georgios and Rauch, Rene and Bacao, Fernando},
  journal={Expert Systems with Applications},
  volume={183},
  pages={115230},
  year={2021},
  publisher={Elsevier}
}

@inproceedings{ambai2019multivariate,
  title={Multivariate normal distribution based over-sampling for numerical and categorical features},
  author={Ambai, Kotaro and Fujita, Hamido},
  booktitle={Advancing Technology Industrialization Through Intelligent Software Methodologies, Tools and Techniques: Proceedings of the 18th International Conference on New Trends in Intelligent Software Methodologies, Tools and Techniques (SoMeT)},
  volume={318},
  pages={107},
  year={2019}
}

@inproceedings{ambai2018mndo,
  title={MNDO: Multivariate Normal Distribution Based Over-Sampling for Binary Classification.},
  author={Ambai, Kotaro and Fujita, Hamido},
  booktitle={Advancing Technology Industrialization Through Intelligent
             Software Methodologies, Tools and Techniques: Proceedings of the
             17th International Conference on New Trends in Intelligent Software Methodologies, Tools and Techniques (SoMeT)},
  pages={425--438},
  year={2018}
}

@inproceedings{bunkhumpornpat2009safe,
  title={Safe-level-smote: Safe-level-synthetic minority over-sampling technique for handling the class imbalanced problem},
  author={Bunkhumpornpat, Chumphol and Sinapiromsaran, Krung and Lursinsap, Chidchanok},
  booktitle={Pacific-Asia conference on knowledge discovery and data mining},
  pages={475--482},
  year={2009},
  organization={Springer}
}

@article{salazar2021generative,
  title={Generative Adversarial Networks and Markov Random Fields for oversampling very small training sets},
  author={Salazar, Addisson and Vergara, Luis and Safont, Gonzalo},
  journal={Expert Systems with Applications},
  volume={163},
  pages={113819},
  year={2021},
  publisher={Elsevier}
}

@article{koivu2020synthetic,
  title={Synthetic minority oversampling of vital statistics data with generative adversarial networks},
  author={Koivu, Aki and Sairanen, Mikko and Airola, Antti and Pahikkala, Tapio},
  journal={Journal of the American Medical Informatics Association},
  volume={27},
  number={11},
  pages={1667--1674},
  year={2020},
  publisher={Oxford University Press}
}

@article{jo2022obgan,
  title={OBGAN: Minority oversampling near borderline with generative adversarial networks},
  author={Jo, Wonkeun and Kim, Dongil},
  journal={Expert Systems with Applications},
  volume={197},
  pages={116694},
  year={2022},
  publisher={Elsevier}
}

@inproceedings{gonog2019review,
  title={A review: generative adversarial networks},
  author={Gonog, Liang and Zhou, Yimin},
  booktitle={2019 14th IEEE conference on industrial electronics and applications (ICIEA)},
  pages={505--510},
  year={2019},
  organization={IEEE}
}

@incollection{tyagi2020sampling,
  title={Sampling approaches for imbalanced data classification problem in machine learning},
  author={Tyagi, Shivani and Mittal, Sangeeta},
  booktitle={Proceedings of ICRIC 2019},
  pages={209--221},
  year={2020},
  publisher={Springer}
}

@article{vuttipittayamongkol2021class,
  title={On the class overlap problem in imbalanced data classification},
  author={Vuttipittayamongkol, Pattaramon and Elyan, Eyad and Petrovski, Andrei},
  journal={Knowledge-based systems},
  volume={212},
  pages={106631},
  year={2021},
  publisher={Elsevier}
}

@article{lopez2013insight,
  title={An insight into classification with imbalanced data: Empirical results and current trends on using data intrinsic characteristics},
  author={L{\'o}pez, Victoria and Fern{\'a}ndez, Alberto and Garc{\'\i}a, Salvador and Palade, Vasile and Herrera, Francisco},
  journal={Information sciences},
  volume={250},
  pages={113--141},
  year={2013},
  publisher={Elsevier}
}

@article{das2018handling,
  title={Handling data irregularities in classification: Foundations, trends, and future challenges},
  author={Das, Swagatam and Datta, Shounak and Chaudhuri, Bidyut B},
  journal={Pattern Recognition},
  volume={81},
  pages={674--693},
  year={2018},
  publisher={Elsevier}
}

@article{sun2009classification,
  title={Classification of imbalanced data: A review},
  author={Sun, Yanmin and Wong, Andrew KC and Kamel, Mohamed S},
  journal={International journal of pattern recognition and artificial intelligence},
  volume={23},
  number={04},
  pages={687--719},
  year={2009},
  publisher={World Scientific}
}

@article{fernandez2013analysing,
  title={Analysing the classification of imbalanced data-sets with multiple classes: Binarization techniques and ad-hoc approaches},
  author={Fern{\'a}ndez, Alberto and L{\'o}Pez, Victoria and Galar, Mikel and Del Jesus, Mar{\'\i}A Jos{\'e} and Herrera, Francisco},
  journal={Knowledge-based systems},
  volume={42},
  pages={97--110},
  year={2013},
  publisher={Elsevier}
}

@article{tarekegn2021review,
  title={A review of methods for imbalanced multi-label classification},
  author={Tarekegn, Adane Nega and Giacobini, Mario and Michalak, Krzysztof},
  journal={Pattern Recognition},
  volume={118},
  pages={107965},
  year={2021},
  publisher={Elsevier}
}

@inproceedings{lumijarvi2004comparison,
  title={A comparison of different heterogeneous proximity functions and Euclidean distance},
  author={Lumij{\"a}rvi, Janne and Laurikkala, Jorma and Juhola, Martti},
  booktitle={MEDINFO 2004},
  pages={1362--1366},
  year={2004},
  organization={IOS Press}
}

@article{fernandez2018smote,
  title={SMOTE for learning from imbalanced data: progress and challenges, marking the 15-year anniversary},
  author={Fern{\'a}ndez, Alberto and Garcia, Salvador and Herrera, Francisco and Chawla, Nitesh V},
  journal={Journal of artificial intelligence research},
  volume={61},
  pages={863--905},
  year={2018}
}

@article{kaur2019systematic,
  title={A systematic review on imbalanced data challenges in machine learning: Applications and solutions},
  author={Kaur, Harsurinder and Pannu, Husanbir Singh and Malhi, Avleen Kaur},
  journal={ACM Computing Surveys (CSUR)},
  volume={52},
  number={4},
  pages={1--36},
  year={2019},
  publisher={ACM New York, NY, USA}
}

@article{japkowicz2013assessment,
  title={Assessment metrics for imbalanced learning},
  author={Japkowicz, Nathalie},
  journal={Imbalanced learning: Foundations, algorithms, and applications},
  pages={187--206},
  year={2013},
  publisher={Wiley Online Library}
}

