@article{Pedregosa2011,
    author = {Pedregosa, Fabian and Varoquaux, Ga{\"{e}}l and Gramfort, Alexandre and Michel, Vincent and Thirion, Bertrand and Grisel, Olivier and Blondel, Mathieu and Prettenhofer, Peter and Weiss, Ron and Dubourg, Vincent and Vanderplas, Jake and Passos, Alexandre and Cournapeau, David and Brucher, Matthieu and Perrot, Matthieu and Duchesnay, {\'{E}}douard},
    issn = {ISSN 1533-7928},
    journal = {Journal of Machine Learning Research},
    number = {Oct},
    pages = {2825--2830},
    title = {{Scikit-learn: Machine Learning in Python}},
    url = {http://jmlr.csail.mit.edu/papers/v12/pedregosa11a.html},
    volume = {12},
    year = {2011}
}

@inproceedings{Rehurek2010,
   title = {{Software Framework for Topic Modelling with Large Corpora}},
   author = {Radim {\v R}eh{\r u}{\v r}ek and Petr Sojka},
   booktitle = {{Proceedings of the LREC 2010 Workshop on New
        Challenges for NLP Frameworks}},
   pages = {45--50},
   year = 2010,
   month = May,
   day = 22,
   publisher = {ELRA},
   address = {Valletta, Malta},
   language={English}
}

@article{Mcinnes2018,
  title={UMAP: Uniform Manifold Approximation and Projection},
  author={McInnes, Leland and Healy, John and Saul, Nathaniel and Grossberger, Lukas},
  journal={The Journal of Open Source Software},
  volume={3},
  number={29},
  pages={861},
  year={2018}
}

@inproceedings{Hagberg2008,
  address = {Pasadena, CA USA},
  author = {Hagberg, Aric A and Schult, Daniel A and Swart, Pieter J},
  booktitle = {Proceedings of the 7th Python in Science Conference},
  editor = {Varoquaux, Ga{\"{e}}l and Vaught, Travis and Millman, Jarrod},
  pages = {11--15},
  title = {{Exploring Network Structure, Dynamics, and Function using NetworkX}},
  year = {2008}
}

@inproceedings{Bastian2009,
  title={Gephi: an open source software for exploring and manipulating networks},
  author={Bastian, Mathieu and Heymann, Sebastien and Jacomy, Mathieu},
  booktitle={Proceedings of the International AAAI Conference on Web and Social Media},
  volume={3},
  number={1},
  year={2009},
}

@article{Paskin1999,  
  title={Toward unique identifiers},
  author={Paskin, Norman},
  journal={Proceedings of the IEEE},
  volume={87},
  number={7},
  pages={1208--1227},
  year={1999},
  publisher={IEEE}
}


@article{Clauset2004,
  title = {Finding community structure in very large networks},
  author = {Clauset, Aaron and Newman, M. E. J. and Moore, Cristopher},
  journal = {Phys. Rev. E},
  volume = {70},
  issue = {6},
  pages = {066111},
  numpages = {6},
  year = {2004},
  month = {Dec},
  publisher = {American Physical Society},
  url = {https://link.aps.org/doi/10.1103/PhysRevE.70.066111}
}

@article{Pritchard2000,
  author = {Pritchard, Jonathan K and Stephens, Matthew and Donnelly, Peter},
  issn = {00166731},
  journal = {Genetics},
  number = {2},
  pages = {945--959},
  pmid = {10835412},
  title = {{Inference of population structure using multilocus genotype data}},
  url = {http://www.stats.ox.ac.uk/pritch/home.html.},
  volume = {155},
  year = {2000}
}

@inproceedings{Le2014,
  archivePrefix = {arXiv},
  author = {Le, Quoc and Mikolov, Tomas},
  booktitle = {31st International Conference on Machine Learning, ICML 2014},
  eprint = {1405.4053},
  file = {::},
  isbn = {9781634393973},
  month = {may},
  pages = {2931--2939},
  publisher = {International Machine Learning Society (IMLS)},
  title = {{Distributed representations of sentences and documents}},
  url = {http://arxiv.org/abs/1405.4053},
  volume = {4},
  year = {2014}
}


@inproceedings{Redmon2015,
  title={You only look once: Unified, real-time object detection},
  author={Redmon, Joseph and Divvala, Santosh and Girshick, Ross and Farhadi, Ali},
  booktitle={Proceedings of the IEEE conference on computer vision and pattern recognition},
  pages={779--788},
  year={2016}
}

@article{Shorten2019,
  title={A survey on image data augmentation for deep learning},
  author={Shorten, Connor and Khoshgoftaar, Taghi M},
  journal={Journal of Big Data},
  volume={6},
  number={1},
  pages={1--48},
  year={2019},
  publisher={Springer}
}


@inproceedings{Cicalese2020,
  title={StyPath: style-transfer data augmentation for robust histology image classification},
  author={Cicalese, Pietro Antonio and Mobiny, Aryan and Yuan, Pengyu and Becker, Jan and Mohan, Chandra and Van Nguyen, Hien},
  booktitle={International Conference on Medical Image Computing and Computer-Assisted Intervention},
  pages={351--361},
  year={2020},
  organization={Springer}
}

@inproceedings{Zhong2017,
  title={Random erasing data augmentation},
  author={Zhong, Zhun and Zheng, Liang and Kang, Guoliang and Li, Shaozi and Yang, Yi},
  booktitle={Proceedings of the AAAI Conference on Artificial Intelligence},
  volume={34},
  number={07},
  pages={13001--13008},
  year={2020}
}


@inproceedings{Meier2011,
  title={Better digit recognition with a committee of simple neural nets},
  author={Meier, Ueli and Ciresan, Dan Claudiu and Gambardella, Luca Maria and Schmidhuber, Jurgen},
  booktitle={2011 International Conference on Document Analysis and Recognition},
  pages={1250--1254},
  year={2011},
  organization={IEEE}
}


@article{Ciresan2011,
  title={Handwritten digit recognition with a committee of deep neural nets on gpus},
  author={Cire{\c{s}}an, Dan C and Meier, Ueli and Gambardella, Luca M and Schmidhuber, J{\"u}rgen},
  journal={arXiv preprint arXiv:1103.4487},
  year={2011}
}


@inproceedings{Tolstikhin2021,
  title={Mlp-mixer: An all-mlp architecture for vision},
  author={Tolstikhin, Ilya and Houlsby, Neil and Kolesnikov, Alexander and Beyer, Lucas and Zhai, Xiaohua and Unterthiner, Thomas and Yung, Jessica and Steiner, Andreas Peter and Keysers, Daniel and Uszkoreit, Jakob and others},
  booktitle={Thirty-Fifth Conference on Neural Information Processing Systems},
  year={2021}
}

@article{Touvron2021,
  title={ResMLP: Feedforward networks for image classification with data-efficient training},
  author={Touvron, Hugo and Bojanowski, Piotr and Caron, Mathilde and Cord, Matthieu and El-Nouby, Alaaeldin and Grave, Edouard and Izacard, Gautier and Joulin, Armand and Synnaeve, Gabriel and Verbeek, Jakob and others},
  journal={arXiv preprint arXiv:2105.03404},
  year={2021}
}

@article{Liu2021,
  title={Pay Attention to MLPs},
  author={Liu, Hanxiao and Dai, Zihang and So, David R and Le, Quoc V},
  journal={arXiv preprint arXiv:2105.08050},
  year={2021}
}

@article{Su2020,
  author = {Su, Tengfei and Zhang, Shengwei and Liu, Tingxi},
  issn = {20724292},
  journal = {Remote Sensing},
  keywords = {Active learning,Feature category,Object-based image analysis,Random forest},
  month = {feb},
  number = {3},
  pages = {504},
  publisher = {MDPI AG},
  title = {{Multi-spectral image classification based on an object-based active learning approach}},
  url = {https://www.mdpi.com/2072-4292/12/3/504},
  volume = {12},
  year = {2020}
}

@article{Fenza2021,
  title={Data set quality in Machine Learning: Consistency measure based on Group Decision Making},
  author={Fenza, Giuseppe and Gallo, Mariacristina and Loia, Vincenzo and Orciuoli, Francesco and Herrera-Viedma, Enrique},
  journal={Applied Soft Computing},
  volume={106},
  pages={107366},
  year={2021},
  publisher={Elsevier}
}


@article{Salman2019,
  title={Overfitting mechanism and avoidance in deep neural networks},
  author={Salman, Shaeke and Liu, Xiuwen},
  journal={arXiv preprint arXiv:1901.06566},
  year={2019}
}

@article{Hu2020,
  title={Model Generalization in Deep Learning Applications for Land Cover Mapping},
  author={Hu, Lucas and Robinson, Caleb and Dilkina, Bistra},
  journal={arXiv preprint arXiv:2008.10351},
  year={2020}
}

@inproceedings{Li2019,
  title={Research on overfitting of deep learning},
  author={Li, Haidong and Li, Jiongcheng and Guan, Xiaoming and Liang, Binghao and Lai, Yuting and Luo, Xinglong},
  booktitle={2019 15th International Conference on Computational Intelligence and Security (CIS)},
  pages={78--81},
  year={2019},
  organization={IEEE}
}

@misc{Melaskyriazi2021,
  title={Do you even need attention? a stack of feed-forward layers does surprisingly well on imagenet},
  author={Melas-Kyriazi, Luke},
  journal={arXiv preprint arXiv:2105.02723},
  year={2021}
}


@article{Zhang2021,
  title={Understanding deep learning (still) requires rethinking generalization},
  author={Zhang, Chiyuan and Bengio, Samy and Hardt, Moritz and Recht, Benjamin and Vinyals, Oriol},
  journal={Communications of the ACM},
  volume={64},
  number={3},
  pages={107--115},
  year={2021},
  publisher={ACM New York, NY, USA}
}


@article{Ratner2017,
  title={Learning to compose domain-specific transformations for data augmentation},
  author={Ratner, Alexander J and Ehrenberg, Henry R and Hussain, Zeshan and Dunnmon, Jared and R{\'e}, Christopher},
  journal={Advances in neural information processing systems},
  volume={30},
  pages={3239},
  year={2017},
  publisher={NIH Public Access}
}

@article{Chawla2002,
  title={SMOTE: synthetic minority over-sampling technique},
  author={Chawla, Nitesh V and Bowyer, Kevin W and Hall, Lawrence O and Kegelmeyer, W Philip},
  journal={Journal of artificial intelligence research},
  volume={16},
  pages={321--357},
  year={2002}
}


@article{Esser2020,
  archivePrefix = {arXiv},
  author = {Esser, Patrick and Rombach, Robin and Ommer, Bj{\"{o}}rn},
  eprint = {2012.09841},
  month = {dec},
  title = {{Taming Transformers for High-Resolution Image Synthesis}},
  url = {https://arxiv.org/abs/2012.09841v3},
  year = {2020}
}

@article{Radford2021,
  archivePrefix = {arXiv},
  author = {Radford, Alec and Kim, Jong Wook and Hallacy, Chris and Ramesh, Aditya and Goh, Gabriel and Agarwal, Sandhini and Sastry, Girish and Askell, Amanda and Mishkin, Pamela and Clark, Jack and Krueger, Gretchen and Sutskever, Ilya},
  eprint = {2103.00020},
  journal = {arXiv},
  month = {feb},
  title = {{Learning Transferable Visual Models From Natural Language Supervision}},
  url = {https://arxiv.org/abs/2103.00020v1 http://arxiv.org/abs/2103.00020},
  year = {2021}
}

@article{Wen2020,
  title={Time series data augmentation for deep learning: A survey},
  author={Wen, Qingsong and Sun, Liang and Yang, Fan and Song, Xiaomin and Gao, Jingkun and Wang, Xue and Xu, Huan},
  journal={arXiv preprint arXiv:2002.12478},
  year={2020}
}

@inproceedings{DeVries2017,
  title={Dataset augmentation in feature space},
  author={DeVries, Terrance and Taylor, Graham W},
  journal={arXiv preprint arXiv:1702.05538},
  year={2017}
}

@inproceedings{Wong2016,
  title={Understanding data augmentation for classification: when to warp?},
  author={Wong, Sebastien C and Gatt, Adam and Stamatescu, Victor and McDonnell, Mark D},
  booktitle={2016 international conference on digital image computing: techniques and applications (DICTA)},
  pages={1--6},
  year={2016},
  organization={IEEE}
}

@article{Iwana2021,
  title={An empirical survey of data augmentation for time series classification with neural networks},
  author={Iwana, Brian Kenji and Uchida, Seiichi},
  journal={Plos one},
  volume={16},
  number={7},
  pages={e0254841},
  year={2021},
  publisher={Public Library of Science San Francisco, CA USA}
}

@article{Wang2017,
  title={The effectiveness of data augmentation in image classification using deep learning},
  author={Wang, Jason and Perez, Luis and others},
  journal={Convolutional Neural Networks Vis. Recognit},
  volume={11},
  pages={1--8},
  year={2017}
}


@inproceedings{Zhu2017,
  title={Unpaired image-to-image translation using cycle-consistent adversarial networks},
  author={Zhu, Jun-Yan and Park, Taesung and Isola, Phillip and Efros, Alexei A},
  booktitle={Proceedings of the IEEE international conference on computer vision},
  pages={2223--2232},
  year={2017}
}

@article{Chawla2004,
  title={Special issue on learning from imbalanced data sets},
  author={Chawla, Nitesh V and Japkowicz, Nathalie and Kotcz, Aleksander},
  journal={ACM SIGKDD explorations newsletter},
  volume={6},
  number={1},
  pages={1--6},
  year={2004},
  publisher={ACM New York, NY, USA}
}


@article{Fonseca2021,
  title={Improving imbalanced land cover classification with K-Means SMOTE: Detecting and oversampling distinctive minority spectral signatures},
  author={Fonseca, Joao and Douzas, Georgios and Bacao, Fernando},
  journal={Information},
  volume={12},
  number={7},
  pages={266},
  year={2021},
  publisher={Multidisciplinary Digital Publishing Institute}
}


@article{Kaur2019,
  title={A systematic review on imbalanced data challenges in machine learning: Applications and solutions},
  author={Kaur, Harsurinder and Pannu, Husanbir Singh and Malhi, Avleen Kaur},
  journal={ACM Computing Surveys (CSUR)},
  volume={52},
  number={4},
  pages={1--36},
  year={2019},
  publisher={ACM New York, NY, USA}
}


@article{Han2005,
  title={Borderline-SMOTE: a new over-sampling method in imbalanced data sets learning},
  author={Han, Hui and Wang, Wen-Yuan and Mao, Bing-Huan},
  booktitle={International conference on intelligent computing},
  pages={878--887},
  year={2005},
  organization={Springer}
}


@article{Douzas2019,
  title={Geometric SMOTE a geometrically enhanced drop-in replacement for SMOTE},
  author={Douzas, Georgios and Bacao, Fernando},
  journal={Information sciences},
  volume={501},
  pages={118--135},
  year={2019},
  publisher={Elsevier}
}


@article{Fonseca2021active,
  title={Increasing the Effectiveness of Active Learning: Introducing Artificial Data Generation in Active Learning for Land Use/Land Cover Classification},
  author={Fonseca, Joao and Douzas, Georgios and Bacao, Fernando},
  journal={Remote Sensing},
  volume={13},
  number={13},
  pages={2619},
  year={2021},
  publisher={Multidisciplinary Digital Publishing Institute}
}


@inproceedings{Chu2020,
  title={Feature space augmentation for long-tailed data},
  author={Chu, Peng and Bian, Xiao and Liu, Shaopeng and Ling, Haibin},
  booktitle={Computer Vision--ECCV 2020: 16th European Conference, Glasgow, UK, August 23--28, 2020, Proceedings, Part XXIX 16},
  pages={694--710},
  year={2020},
  organization={Springer}
}

@article{Antoniou2017,
  title={Data augmentation generative adversarial networks},
  author={Antoniou, Antreas and Storkey, Amos and Edwards, Harrison},
  journal={arXiv preprint arXiv:1711.04340},
  year={2017}
}

@article{Goodfellow2014,
  title={Generative adversarial nets},
  author={Goodfellow, Ian and Pouget-Abadie, Jean and Mirza, Mehdi and Xu, Bing and Warde-Farley, David and Ozair, Sherjil and Courville, Aaron and Bengio, Yoshua},
  journal={Advances in neural information processing systems},
  volume={27},
  year={2014}
}

@article{Kramer1991,
  title={Nonlinear principal component analysis using autoassociative neural networks},
  author={Kramer, Mark A},
  journal={AIChE journal},
  volume={37},
  number={2},
  pages={233--243},
  year={1991},
  publisher={Wiley Online Library}
}


@article{Chun2020,
  title={An empirical evaluation on robustness and uncertainty of regularization methods},
  author={Chun, Sanghyuk and Oh, Seong Joon and Yun, Sangdoo and Han, Dongyoon and Choe, Junsuk and Yoo, Youngjoon},
  journal={arXiv preprint arXiv:2003.03879},
  year={2020}
}

@article{Xie2021,
  title={Artificial neural variability for deep learning: On overfitting, noise memorization, and catastrophic forgetting},
  author={Xie, Zeke and He, Fengxiang and Fu, Shaopeng and Sato, Issei and Tao, Dacheng and Sugiyama, Masashi},
  journal={Neural computation},
  volume={33},
  number={8},
  pages={2163--2192},
  year={2021},
  publisher={MIT Press One Rogers Street, Cambridge, MA 02142-1209, USA journals-info~…}
}

@inproceedings{Behpour2019,
  title={Ada: Adversarial data augmentation for object detection},
  author={Behpour, Sima and Kitani, Kris M and Ziebart, Brian D},
  booktitle={2019 IEEE Winter Conference on Applications of Computer Vision (WACV)},
  pages={1243--1252},
  year={2019},
  organization={IEEE}
}

@article{Halevy2009,
  title={The unreasonable effectiveness of data},
  author={Halevy, Alon and Norvig, Peter and Pereira, Fernando},
  journal={IEEE Intelligent Systems},
  volume={24},
  number={2},
  pages={8--12},
  year={2009},
  publisher={IEEE}
}

@article{Domingos2012,
  title={A few useful things to know about machine learning},
  author={Domingos, Pedro},
  journal={Communications of the ACM},
  volume={55},
  number={10},
  pages={78--87},
  year={2012},
  publisher={ACM New York, NY, USA}
}

@article{Van2001,
  title={The art of data augmentation},
  author={Van Dyk, David A and Meng, Xiao-Li},
  journal={Journal of Computational and Graphical Statistics},
  volume={10},
  number={1},
  pages={1--50},
  year={2001},
  publisher={Taylor \& Francis}
}

@article{Bartlett2021,
  title={Deep learning: a statistical viewpoint},
  author={Bartlett, Peter L and Montanari, Andrea and Rakhlin, Alexander},
  journal={arXiv preprint arXiv:2103.09177},
  year={2021}
}

